2678 4584
366 306 421 353 ne
469 240 955 355 nrs‘rtctsn'o.
1085 274 1159 374 263

174 477 256 547 ciam
290 475 582 571 Dogmaticcrum,
613 477 672 569 qui
702 474 838 543 rationis
872 456 1061 541 theoretice
1096 469 1161 545 alie

70 669 72 672 Α
175 597 253 666 hinc
287 595 416 673 evolare
450 620 485 664 se
520 618 616 690 posse
655 595 690 663 in
721 592 885 663 mundum
917 589 1159 684 intelligibilem

112 762 115 768 -
173 715 416 802 existimarent,
450 739 511 783 nec
549 713 755 806 cogitarent,
790 739 861 783 eam
895 736 964 782 esse
998 718 1160 807 tenqtort's
1261 776 1263 780 ,

174 841 345 929 spatiique
377 834 622 903 conditionibus
657 834 868 921 adstrictam,
904 854 978 927 quoe
1003 852 1162 910 errorem·

176 959 303 1049 pariant
348 977 479 1022 necesse
513 969 582 1041 est,
620 954 647 1023 si
683 953 747 1024 illis
782 955 881 1023 rebus
914 953 1135 1021 adhibeantur
1145 998 1164 1038 ,-

176 1100 249 1169 quoe
284 1074 443 1167 temporis
481 1073 548 1142 sint
583 1075 746 1169 spatiique
778 1087 938 1169 expertes.
967 1147 970 1151 ,
1002 1077 1035 1142 si
1067 1072 1163 1140 enim.

175 1221 216 1262 ne
249 1216 300 1263 res
335 1194 471 1288 quidem
509 1193 608 1287 hujus
643 1195 760 1262 mundi
796 1193 1045 1284 cognoscimus,
1070 1217 1163 1286 que-

174 1314 388 1384 madmodum
431 1311 527 1382 nobis
577 1328 767 1409 apparent,
807 1312 977 1408 quomodo
1025 1313 1158 1381 tandem

172 1458 231 1518 ea,
264 1459 339 1529 quae
369 1457 411 1502 ne
444 1433 479 1501 in
509 1457 623 1502 sensus
648 1432 781 1527 quidem
806 1433 950 1516 cadunt,
975 1408 1158 1524 cognosce-3

175 1551 285 1622 mus?
332 1553 393 1622 Sed
425 1553 466 1622 de
499 1551 554 1621 illa
584 1559 768 1622 Kantictrza
802 1553 963 1621 sententia
986 1566 1166 1645 utcunque¹

175 1650 362 1761 statuatur,
387 1671 470 1742 illud
495 1672 629 1768 quidem
654 1696 771 1745 omnes
796 1672 937 1741 modesti
955 1687 1164 1767 atque-,pru-

174 1794 288 1863 dentes
318 1795 496 1863 concedere
525 1793 668 1879 debeut,
704 1776 1025 1862 divinamnaturam
1051 1815 1159 1885 neque

175 1916 379 2009 perspectam
404 1914 500 1985 nobis
524 1938 621 2001 esse,
645 1937 753 2008 neque
777 1913 919 2009 perspici
943 1936 1060 2006 posse,
1083 1890 1169 1989 eam,

174 2049 306 2121 autem,
329 2059 454 2128 quam
475 2058 536 2102 nos
570 2031 796 2129 appellemus,
825 2033 1048 2126 cognitionem
1081 2046 1159 2123 tan7

174 2168 247 2223 tum
288 2154 509 2248 symbolicam
551 2178 641 2242 esse,
678 2155 699 2224 i.
735 2179 764 2223 e.
798 2154 860 2223 niti
899 2160 1165 2249 comparatione

174 2298 287 2342 rerum
312 2274 481 2342 finitarum
512 2298 589 2342 cum
617 2274 677 2343 Dei
711 2289 829 2343 natura
853 2274 990 2343 infinita.
1041 2278 1169 2367 Itaque,-

174 2393 257 2484 quid
292 2397 380 2458 Deus
414 2415 486 2459 non
519 2391 583 2479 sit,
614 2376 723 2460 dicere
754 2416 931 2485 possumus
940 2399 952 2477 ',
977 2392 1058 2485 quid
1081 2396 1170 2461 sits).

168 2535 243 2591 ‚non
263 2521 465 2604 'possumus
513 2515 584 2579 lam
615 2512 643 2579 si
673 2512 857 2605 cogitamus
890 2527 1052 2596 casuram
1074 2515 1158 2603 inst-

174 2637 304 2717 ntlam,
328 2631 399 2699 fieri
423 2627 521 2699 aliter·
547 2655 616 2700 non
642 2635 778 2726 potest,
802 2631 885 2727 quin
905 2615 1075 2725 'vertigine
1093 2630 1168 2725 nli..¹

105 2824 108 2836 ,
175 2775 242 2845 qua
264 2751 505 2846 corripiamur,
534 2765 634 2847 atque
669 2776 784 2821 sensus
808 2751 870 2821 hac
894 2751 1030 2820 notione
1054 2734 1171 2839 velie}

174 2870 377 2955 mentissime
409 2885 588 2943 moveatur.
638 2878 680 2942 Et
716 2873 785 2967 ipsa
808 2871 897 2941 enim
923 2871 993 2939 idea
1016 2862 1185 2953 obscurus

175 3007 246 3079 est,
270 3005 303 3062 et
327 2988 475 3085 plurium
507 2990 646 3062 aliarum
677 2992 824 3060 idearum
855 2990 950 3078 fons,
975 3016 1069 3086 aeque
1093 2970 1160 3077 ob{

176 3135 372 3199 scurarum,
407 3113 441 3181 in
477 3111 621 3206 quibus,
655 3128 694 3180 ut
731 3127 807 3180 ante
840 3111 1006 3199 diximus,
1042 3113 1180 3221 sensdq,¹
1255 3122 1258 3127 '

178 3232 270 3299 sedes
305 3247 364 3300 est.
416 3238 524 3326 Atque
558 3232 637 3301 hinc
660 3230 799 3326 intelligi
824 3233 923 3301 etiam
947 3247 1078 3329 potest,
1102 3232 1175 3319 trif.i

177 3350 225 3421 ltil
249 3349 357 3420 valere
381 3377 512 3423 sensum
536 3353 578 3421 ad
602 3334 728 3423 naturae
752 3377 937 3448 rerumque
969 3353 1175 3441 dirinarum,

176 3469 438 3542 declarationem.
488 3473 522 3543 si
556 3473 645 3543 enim
681 3472 774 3545 notio
808 3488 922 3545 nostra
950 3488 1078 3549 naturae
1096 3450 1184 3563 iul„

176 3592 277 3662 finitae
290 3605 419 3659 tautum
443 3591 621 3687 symbolica
640 3607 712 3678 est,
729 3618 810 3683 nec,
827 3608 866 3667 ut
884 3593 997 3689 logici
1013 3591 1172 3699 loqquoy,

175 3727 255 3798 tur,
283 3710 475 3804 adaequata,
510 3710 645 3808 reliquae
675 3713 774 3797 ideae,
804 3739 878 3810 quae
902 3712 1078 3784 universali
1103 3690 1174 3796 illd}

176 3833 311 3936 notione
335 3831 581 3924 continentur,
619 3834 808 3932 quibusque
835 3857 952 3907 sensus
981 3847 1174 3918 movetur„
