2678 4584
368 272 941 344 nanrrsrrorsuu.
1077 271 1141 352 165
1216 244 1228 260 ’

173 463 295 535 salibus
329 461 392 531 illis
429 463 532 532 causis
566 468 728 557 positam,
767 465 929 555 effecisse,
949 482 1000 538 -ut
1030 469 1147 542 multis

171 585 363 674 Scloellingii
391 583 599 677 philosophia
629 583 778 678 placeret.
831 588 908 654 Fuit
940 587 1039 681 igitur
1069 615 1145 658 mu·-

170 720 234 774 tua
274 704 453 773 efficacitas.
519 709 593 801 Ipse
628 704 762 798 quidem
796 707 1014 802 Sclrellz'ngrics
1043 717 1147 779 'ztnz'ce
1189 752 1191 762 ι
1243 718 1245 720 ’

173 823 279 893 causis
314 823 498 892 theoreticis
523 822 557 891 in
581 848 674 911 eam,
699 848 799 916 quam
822 841 952 896 secutus
975 842 1041 915 est,
1066 828 1147 923 phi-

172 941 368 1038 losophandi
402 943 562 1012 rationem
595 943 750 1013 inductus
779 970 848 1015 esse
872 947 1012 1024 videtur.
1062 955 1148 1020 Cum

174 1065 280 1149 enim,
306 1087 379 1152 quaa
403 1064 465 1154 ipsi
489 1062 699 1151 videbantur,
717 1070 897 1135 Kantiana
914 1067 1147 1137 etFr'ebtt‘ana

173 1184 250 1251 vitia
274 1181 572 1267 animadvertisset,
597 1206 699 1275 eaque
723 1184 886 1276 corrigere
910 1182 1028 1272 vellet,
1053 1210 1148 1256 novae

174 1301 312 1370 rationis
346 1315 460 1369 auctor
493 1301 625 1368 exstitit.
675 1305 789 1395 Neque
805 1344 808 1349 ,
823 1302 1041 1372 dubitandum
1077 1319 1148 1391 est,

175 1425 257 1514 quin
288 1423 357 1516 ejus
383 1434 578 1489 sectatorum
602 1417 839 1520 quamplurimi
861 1437 997 1516 propter
1021 1424 1151 1529 easdem

169 1563 288 1628 ,causas
311 1563 429 1606 novam
453 1539 537 1607 hanc
561 1538 813 1633 philosophandi
837 1543 997 1613 rationem
1026 1543 1151 1637 proba-

175 1658 285 1727 verint
315 1671 348 1725 et
379 1657 485 1726 adhue
517 1657 668 1756 probent.
718 1658 781 1727 Sed
814 1672 940 1743 tamen,
971 1655 1149 1753 quod'iam

176 1791 252 1846 ante
285 1777 445 1866 diximuS,
480 1791 599 1872 praeter
631 1775 688 1846 illa
723 1776 902 1870 superioris
931 1777 1152 1874 philosophice

176 1897 274 1993 vitia,
304 1922 424 1991 magna
453 1911 521 1966 erat
545 1921 612 1965 non
635 1896 1067 1989 Schellr'ngianae'tantum,
1088 1898 1149 1968 sed

176 2017 285 2086 omnis
299 2017 437 2086 omnino
453 2015 669 2111 philosophiae
685 2014 827 2110 mysticae
840 2019 1079 2110 opportunitas.
1104 2024 1151 2089 Ea

177 2151 227 2204 est
252 2137 396 2204 humana
419 2151 556 2222 natura,
585 2149 624 2203 ut
642 2132 823 2231 ‘religionis
853 2155 976 2229 expers
991 2161 1060 2205 esse
1083 2160 1152 2206 non

179 2254 292 2348 possit.
355 2255 388 2324 Si
412 2269 521 2323 autem
546 2251 622 2321 talia
645 2267 793 2348 tempora
816 2252 1010 2342 inciderint,
1044 2254 1153 2350 qualia

177 2373 338 2460 viximus,
370 2362 594 2441 vehementius
625 2361 743 2458 etiam,
768 2398 868 2466 quam
893 2370 990 2461 alias,
1015 2358 1151 2469 religio-

175 2492 230 2560 nis
255 2492 302 2559 vis
325 2516 371 2568 ac,
387 2491 572 2585 praestantia
592 2490 710 2559 'sentiri
735 2489 828 2558 solet.
878 2484 967 2578 Quid
990 2495 1055 2580 jam
1079 2495 1151 2569 fieri

178 2610 376 2705 oportebat?
430 2600 855 2680 Sustul‘erantre‘centiores
879 2607 1151 2712 philosophi‘re'i·

141 2809 150 2822 .
177 2711 255 2827 ium
292 2712 546 2832 intelligibilium
577 2744 610 2798 et
634 2726 678 2798 ad'
700 2711 890 2825 religionem
916 2715 1151 2827 peitineirtiuiii

179 2851 417 2941 mgnitionem,
451 2864 710 2944 negaverantque
728 2848 887 2943 aliquam
915 2875 984 2932 esse
1014 2853 1150 2923 rationis
1268 2926 1271 2931 ,

180 2970 366 3039 theoreticae
405 2971 440 3038 in
476 2969 528 3038 his
550 2970 662 3039 rebus
692 2968 877 3063 judicandis
912 2971 1149 3041 auctoritatem.

178 3086 398 3187 probaverant
431 3091 634 3169 sententiam*
654 3088 692 3157 iis
716 3086 939 3182 argumentis,
963 3092 1036 3183 quae
1060 3088 1151 3162 facile

178 3186 315 3299 infringi
335 3234 430 3303 posse
453 3234 522 3280 non
545 3202 760 3306 viderentur.
800 3205 860 3305 ⁵5⁰.
876 3207 975 3305 igitur
998 3208 1151 3303 firmissi-

178 3351 273 3395 mum
302 3325 479 3418 religionis
504 3305 755 3399 fundamentum
789 3327 905 3396 subrui
926 3352 976 3397 ,ac
1010 3329 1150 3401 convelli

176 3446 350 3514 videbatur
372 3447 486 3515 eodem
510 3445 567 3518 illo
591 3461 756 3540 tempore,
780 3469 848 3543 quo
871 3446 1022 3517 homines
1046 3448 1150 3541 magis
1243 3504 1246 3509 .

86 3570 88 3574 '
178 3565 297 3652 etiam,
326 3589 426 3659 quam
456 3563 551 3655 alias,
581 3564 738 3661 religione
759 3564 822 3663 sibi
845 3590 929 3661 opus
952 3590 1020 3636 esse
1044 3565 1149 3636 senti-

177 3698 263 3754 rent.
315 3682 402 3772 Quid
434 3709 513 3776 ergo
542 3687 665 3780 gratius
696 3666 838 3756 accidere
862 3684 975 3781 multis
999 3700 1148 3780 poterat,

179 3827 279 3898 qrram
307 3829 345 3876 ea
374 3802 603 3904 philosophia,
633 3831 712 3903 quae
730 3830 930 3904 quamquam
950 3808 989 3878 in
1011 3805 1153 3902 religio·
