2678 4584
286 222 292 251 t

192 340 243 416 p
453 307 920 384 ursrurnrro

155 528 174 564 ·.
194 508 298 583 veluti
315 508 476 592 trahitur,
493 520 633 576 otnunc
657 507 785 577 animus
806 508 895 596 buc,
912 531 1003 577 nunc
1018 504 1177 578 dividitur

193 629 283 704 illuc.
333 626 427 697 Unde
453 625 647 720 intelligitur
664 682 674 714 ,
689 626 821 698 alterius
838 629 939 722 partis
962 628 1029 696 vim
1043 629 1177 723 impedi·

194 764 309 823 mento
331 773 420 836 esse,
444 747 624 842 quominus
642 746 682 816 ad
699 745 833 817 alteram
854 763 981 842 partem
996 750 1052 818 fiat
1065 773 1175 819 acces

192 870 264 957 sio;
281 866 336 937 illa
348 883 458 938 autem
478 867 509 936 vi
522 865 665 953 sublata,
678 881 752 936 tum
764 867 834 936 fieri
846 868 886 935 ad
902 867 1036 936 alteram
1049 884 1175 963 partem

195 989 563 1085 appropinquationem.
614 993 685 1056 Hoc
717 988 750 1055 in
779 984 937 1055 libertatis
965 987 1174 1058 amissionem

196 1110 441 1180 transferamus.
492 1109 524 1176 si
558 1131 618 1201 per
650 1107 736 1176 hanc
765 1109 923 1199 jacturam
957 1132 1071 1176 sensus
1095 1106 1176 1176 reli-

197 1228 311 1325 giosus
340 1225 440 1296 semel
472 1239 521 1295 est
553 1241 761 1312 commotus,
791 1227 863 1296 fieri
894 1225 988 1295 aliter
1017 1251 1084 1296 non
1111 1251 1177 1321 po-

199 1363 285 1434 test,
315 1350 395 1442 quin
417 1346 534 1415 existat
561 1346 710 1440 quaedam
730 1347 832 1415 animi
853 1346 895 1414 ad
913 1347 1176 1442 Mysticismum,
1232 1328 1236 1334 ¹

200 1468 235 1538 id
262 1482 329 1556 est,
360 1467 401 1535 ad
429 1467 603 1535 arctiorem
633 1467 797 1560 quandam
824 1491 901 1535 cum
924 1473 993 1535 Deo
1016 1469 1178 1556 oonjunc-

201 1588 349 1676 tionem,
373 1584 550 1655 inclinatio.
601 1587 750 1655 Primum
774 1585 865 1656 enirn
885 1600 1178 1681 unumquemque,

202 1712 262 1806 qui
286 1735 354 1778 non
384 1732 521 1803 prorsus
547 1707 691 1794 abjectus
712 1733 749 1776 ac
768 1706 916 1800 perditus
936 1707 998 1794 sit,
1025 1706 1108 1776 illud
1125 1732 1179 1777 es-

201 1855 237 1901 se
265 1853 497 1898 concessurum
523 1826 689 1912 arbitror,
718 1839 843 1893 naturae
871 1816 999 1894 nostrae
1019 1841 1179 1920 praestan-

201 1950 281 2017 tiam
302 1963 374 2015 tum
398 1946 578 2041 praesertim
600 1943 787 2038 persentisci
806 1971 823 2012 a
846 1945 940 2013 nobis
959 1944 1081 2032 solere,
1101 1972 1178 2015 cum
1248 1959 1252 1963 '

202 2088 329 2138 naturae
343 2081 464 2134 nostrae
481 2067 533 2155 jus
547 2090 584 2133 ac
600 2064 740 2157 dignitas
755 2063 968 2133 conculcetur
981 2068 1045 2157 (a).
1076 2068 1181 2135 Amis-

203 2212 239 2256 sa
268 2183 437 2270 libertate,
465 2210 533 2251 non
557 2182 664 2252 solum
697 2184 808 2251 damni
843 2185 1093 2277 magnitudine,
1123 2186 1180 2255 sed

124 2363 128 2377 .
194 2307 303 2374 'etiarn
322 2304 502 2398 ignominia
520 2304 652 2389 nostri,
674 2301 833 2373 dolemus.
885 2311 956 2374 Hoc
971 2306 1179 2376 stomachum

204 2440 336 2512 movet,
369 2424 481 2518 quod,
517 2448 593 2493 cum
621 2424 766 2493 humant
797 2427 915 2494 natura
941 2423 1026 2493 nihil
1055 2427 1097 2494 sit
1121 2450 1182 2494 ex-

202 2545 401 2632 cellentius,
433 2537 532 2639 hujus
566 2546 760 2638 praestantia
793 2545 883 2615 nulla
907 2547 989 2616 ratio
1011 2547 1180 2623 habeatur.

203 2673 291 2758 Ego,
322 2667 403 2732 dum
437 2665 507 2732 haee
538 2666 667 2750 scribo,
702 2643 825 2734 nullius
852 2666 936 2734 mihi
965 2664 1069 2758 culpae
1098 2691 1182 2734 con-
1243 2708 1249 2719 ·

202 2812 292 2856 serus
324 2811 420 2868 sum,
449 2785 574 2879 quain
599 2810 760 2854 carcerem
791 2786 906 2877 oonjici
934 2810 1069 2855 merear.
1119 2787 1181 2854 Sed

204 2907 329 2976 dormit
356 2906 449 3001 quasi
476 2905 546 2974 haee
576 2905 768 2974 innocentiae
798 2905 1014 2991 conscientia,
1040 2929 1100 2974 nec
1126 2931 1180 2976 me

204 3050 406 3121 magnopere
419 3040 538 3097 movet.
576 3032 662 3094 Tum
681 3041 790 3094 autem
809 3024 1092 3094 vehementissime
1109 3051 1182 3095 mo·

204 3164 314 3231 reret,
354 3147 381 3215 si
412 3146 486 3240 quis
517 3170 635 3213 manus
674 3146 845 3237 injiceret,
877 3160 910 3212 et
938 3169 991 3213 me
1016 3145 1180 3217 insontem

206 3267 382 3334 abduceret
401 3267 434 3333 in
447 3263 590 3333 uincula.
626 3266 780 3334 Similiter
798 3264 955 3334 iibertatis
974 3264 1077 3335 civilis
1090 3267 1186 3335 amis·

29 3387 32 3392 ’
125 3434 128 3439 -
202 3385 255 3456 sio
274 3409 313 3452 eo
334 3384 434 3468 valet,
464 3398 501 3451 ut
522 3384 645 3469 homo,
667 3384 875 3479 quiquidem
901 3411 968 3454 non
988 3411 1124 3480 prorsus
1141 3386 1184 3454 sit

206 3503 332 3576 servilis
363 3501 500 3592 indolis,
528 3505 635 3573 aerius
665 3505 780 3593 etiam,
808 3529 907 3600 quam
936 3505 1036 3593 alias,
1059 3519 1183 3574 naturae

239 3887 288 3961 ’(4)
307 3887 373 3946 vid·
391 3885 492 3957 Liber,
512 3891 568 3942 Die
586 3908 656 3942 neue
670 3889 796 3956 Kircde,
811 3907 843 3960 p.
864 3886 896 3941 15
913 3904 975 3957 ης,
1050 3917 1053 3921 ,
