2678 4584
177 241 248 321 ¹280
427 242 890 317 DISPUTA'I'IO

94 530 99 539 Ι
176 460 286 535 neque
315 462 492 537 negamus,
525 455 558 509 et
594 439 693 510 fuisse
727 464 855 534 semper
878 454 913 507 et
936 438 1034 509 hodie
1056 465 1162 531 esse,

175 558 236 655 qui
234 613 259 697 y
281 557 308 628 si
329 556 383 629 illa
405 559 504 628 dictio
528 559 572 629 ita
595 559 792 654 accipiatur,
818 583 893 628 vere
916 558 982 628 dici
1004 560 1165 654 possint,

175 678 348 773 religionis
374 702 476 747 sensu
509 703 659 755 carere„
691 679 754 748 Sed
787 704 828 746 ex
859 679 924 765 iis,
955 703 1028 772 quse
1051 704 1161 774 supra

177 796 434 892 disputavimus,
465 796 659 893 intelligitur
692 795 775 866 itlud
798 797 921 890 quaeri,
946 823 1028 866 num
1053 802 1163 893 quisv„

175 918 235 1010 qui
267 921 373 986 Deum
400 941 474 986 esse
506 917 634 1002 credat,
666 941 764 985 sensu
795 915 946 1010 religioso
971 916 1162 986 destitutus

174 1059 245 1104 esse
268 1050 388 1129 queat,
412 1035 434 1105 i.
460 1061 489 1104 e.
513 1060 594 1104 num
619 1035 681 1105 sibi
705 1034 899 1131 persuadere
922 1036 1048 1130 possit,
1072 1035 1168 1104 nul·.

172 1151 241 1222 lam
277 1153 338 1221 sibi
371 1179 448 1222 cum
477 1160 545 1223 Deo
581 1179 650 1224 esse
681 1152 980 1224 necessitudinem?
1033 1152 1161 1225 Talem.

175 1272 348 1342 hominem
382 1273 541 1359 existere,
570 1289 627 1342 aut
659 1276 805 1371 extitisse
836 1298 1014 1369 umquam,
1049 1298 1151 1366 nega·

175 1416 272 1460 mus:
306 1391 334 1458 si
360 1391 433 1485 quis
458 1405 567 1460 tamen
599 1417 696 1462 suum
728 1393 797 1488 ipse
826 1391 1016 1487 exemplum
1049 1392 1154 1461 nobis

113 1563 126 1579 ,
176 1510 352 1601 objecerit,
378 1507 535 1580 uolumus
566 1510 673 1580 dicere
697 1529 832 1599 eontra,
851 1536 937 1587 ,cum
961 1509 1050 1580 nulla
1063 1536 1165 1605 spes.

173 1627 393 1726 persuadendi
416 1629 469 1698 sit.
505 1630 603 1718 Quod
625 1646 735 1699 autem
760 1629 880 1716 talem,
911 1628 1040 1724 qualem
1065 1629 1152 1698 dixi-

172 1774 267 1838 mus,
288 1745 455 1818 homincm
482 1774 589 1843 neque
610 1750 747 1819 existere
778 1774 884 1842 neque
907 1750 1050 1818 extitisse
1074 1773 1164 1817 um·:

173 1892 275 1967 quam
298 1868 515 1954 arbitramur,
536 1865 622 1937 illius
646 1869 693 1936 rei
713 1869 777 1937 hoc
797 1883 894 1937 ettam
917 1892 1036 1960 magno
1050 1892 1164 1961 argu.

95 1992 102 2004 ‘
175 2003 291 2058 mento
315 2011 384 2057 esse
409 1987 522 2072 debet,
547 1987 638 2080 quod
661 1985 753 2056 nulla
775 1988 883 2056 adhue
918 2000 1045 2080 reperta
1066 2011 1162 2079 gens.

174 2121 245 2195 est,
270 2106 373 2202 quin,
399 2131 476 2176 cum
500 2121 651 2173 naturam
672 2106 815 2172 divinam
838 2119 961 2172 exstare
988 2105 1049 2174 sibi
1073 2116 1161 2198 per-2

171 2225 408 2310 suaserit,eam
425 2224 583 2292 continuo
606 2220 698 2292 cultu
712 2221 865 2317 religioso
886 2224 1158 2317 prosequendam¹

172 2367 265 2445 esse,
286 2356 390 2439 putet..
440 2343 542 2435 Atqui
563 2342 599 2418 si,
616 2341 879 2429 verediximus,
901 2341 988 2412 iilam
1014 2335 1163 2437 persua-2

174 2462 302 2533 sionem
336 2459 436 2557 longe
465 2442 540 2532 esse¹
568 2460 728 2563 diversam
762 2488 781 2531 a
811 2460 992 2555 religione,
1024 2462 1167 2556 quaeri-r

172 2605 272 2671 mus,
308 2581 396 2650 unde
425 2581 570 2650 barbarae
603 2581 750 2676 nationes
789 2562 987 2675 arripuerint
1018 2581 1171 2674 opinio«.

172 2725 252 2773 nem
285 2683 377 2768 illius'
402 2700 671 2785 necessitudinis,
702 2725 775 2794 quae
802 2700 938 2770 Numini
970 2725 1047 2768 curn
1076 2700 1158 2775 hu·⁵

171 2816 274 2893 mano
319 2843 438 2914 genere
480 2806 674 2887 intercedat:
712 2844 779 2913 qua
818 2818 1071 2905 necessitudine,
1106 2833 1167 2889 ut..

171 2939 338 3027 diximus,
373 2939 480 3010 omnis
511 2936 625 3032 religio
655 2938 870 3012 continetur?
916 2945 1029 3034 Neque
1056 2939 1163 3012 enirm·

172 3060 238 3130 diei
270 3071 400 3152 potest,
430 3057 520 3127 iilam
548 3057 737 3153 opinionem
766 3071 876 3126 natam
901 3082 970 3128 esse
1002 3082 1020 3126 e
1048 3059 1154 3131 bene·.

173 3177 277 3262 ficiis,
310 3203 383 3271 quae
412 3203 431 3246 a
460 3177 529 3247 Diis
553 3176 794 3252 immortalibus
825 3176 866 3247 ad
890 3200 999 3270 genus
1028 3177 1151 3247 huma·
1203 3206 1207 3211 ’

171 3321 257 3369 num
281 3296 499 3390 pervenerint
551 3301 663 3369 Cicero
687 3296 841 3391 quidem,
872 3295 971 3365 fuisse
994 3320 1054 3365 sua
1073 3311 1172 3369 aeta·..

170 3431 205 3486 te
227 3412 462 3512 philosophos,
486 3416 602 3505 docet,
626 3417 685 3510 qui
709 3416 846 3485 omnino
867 3413 993 3485 nullam
1023 3415 1171 3487 habere..

171 3550 340 3609 censerent
367 3534 589 3607 humanarum
613 3559 725 3610 rerum
753 3535 1019 3629 procurationem
1047 3540 1173 3625 Densi»-

18 3740 21 3747 ,
110 3714 112 3719 ·
169 3655 1053 3757 .Q11⁰rum,.inquit,uvera‚senmntia·est,‹prae
1077 3677 1154 3749 poa
