2678 4584
157 248 231 360 '¹29⁸
416 259 881 339 nr-srnrs'rto

105 551 107 554 Α
156 454 271 541 culum
304 453 439 554 aliquod
452 486 472 528 :-
497 482 609 530 venem
640 484 735 530 esse,
751 459 979 532 narrationem·
1007 461 1117 541 sentio
1129 505 1154 554 ,··

152 577 211 648 ned
232 592 406 674 antequam
424 579 582 650 doctrinm
599 579 806 650 divinitatem
823 605 1018 674 agnoscam,
1044 593 1141 655 rau‘o
1215 617 1217 621 ·

152 701 208 767 nie
236 697 354 768 docere
378 698 494 787 debet,-
510 709 681 795 'quantum
707 701 749 771 sit
773 717 971 794 argumento
989 704 1144 774 tribuen.

92 863 94 868 ·
150 813 268 902 dum„
286 817 377 912 quod
403 842 423 887 a
447 819 616 890 miraculis
639 821 716 890 duci
742 819 853 892 soleat.
918 914 920 919 .

213 943 325 1008 Tertia
359 939 502 1035 denique
532 943 671 1036 quaestio
708 937 792 1031 est,¹
824 943 973 1038 possitne
1007 970 1044 1015 ac
1072 943 1135 1015 de-

149 1057 226 1127 beat
263 1083 377 1130 sensus
417 1059 530 1130 locum
572 1062 722 1132 obtinere
753 1064 889 1133 rationis
924 1079 1134 1151 tum,·cum

153 1177 264 1248 divina
306 1181 411 1251 Sucri‘
435 1179 564 1252 Codicis
590 1184 737 1281 ,ejusque
779 1182 937 1253 doctrinae
979 1187 1132 1254 auctori·

149 1311 199 1368 tas
233 1300 301 1394 jam
335 1302 559 1372 demonstrata
594 1317 695 1398 atquo
728 1327 747 1371 a
784 1304 880 1373 uobis
911 1305 1021 1398 agnita
1055 1305 1132 1374 sit?

149 1422 232 1506 Quae
251 1421 385 1515 quidem
403 1423 570 1516 'quaestio,
593 1437 633 1492 ut
659 1421 876 1515 intelligatur,
908 1448 977 1519 quo
1004 1421 1128 1514 valcat,

147 1538 279 1609 videtur
314 1539 370 1619 illa
408 1542 505 1612 nobis
538 1557 605 1612 tres
637 1540 717 1612 alias
750 1543 939 1632 continere,
982 1568 1144 1640 quarum

148 1658 289 1754 singulis
311 1661 455 1731 breviter
480 1663 749 1758 respondendum
777 1677 838 1732 est.

174 1820 178 1834 ·
196 1779 348 1850 Primum
366 1781 473 1876 igitur
492 1783 672 1877 quaeritur,
690 1783 837 1878 possitne
855 1807 895 1852 ac
917 1781 1032 1870 debeat
1055 1807 1142 1854 sen-⁸

147 1921 205 1970 sus
222 1902 394 1970 succedere
417 1903 555 1990 rationi,
580 1900 608 1975 si
626 1905 697 1972 haec
723 1904 847 1972 incerta
876 1903 918 1992 sit
942 1905 986 1972 (le
1005 1903 1133 1997 aliqua

144 2027 244 2092 Sacri
261 2023 394 2102 Codices
417 2039 524 2120 pane
550 2016 839 2120 litter-precando?
885 2028 970 2112 >Quae
989 2027 1132 2119 quaestio

146 2158 216 2210 iton
244 2142 288 2210 ita
316 2142 502 2236 accipienda
526 2157 596 2229 est,
621 2141 716 2235 quasi
742 2142 964 2235 ambigatur,
971 2143 1131 2234 liceatne,
1168 2138 1169 2142 ¹

146 2261 174 2331 si
202 2258 351 2355 plurium
385 2260 721 2374 interpretationum,
760 2284 858 2357 eque
880 2261 1131 2356 probabilium,

146 2380 238 2476 optio¹
251 2380 316 2468 sit,
341 2381 459 2451 sensds
473 2381 678 2452 auctoritate
687 2406 759 2452 eam
775 2383 892 2460 ceteris
910 2398 1130 2516 anteponere,

144 2524 219 2597 quae
240 2516 304 2571 aut
335 2501 377 2570 ad
408 2499 656 2597 intelligentiam
688 2500 841 2572 facillima
868 2502 1044 2592 omnium,
1067 2517 1136 2575 aut·

104 2668 107 2671 -
144 2621 197 2692 ad
210 2621 313 2691 animi
338 2621 485 2691 fructum
503 2622 673 2714 uberrima
690 2621 867 2692 videatur?
894 2623 1017 2712 Quidni
1033 2623 1132 2710 enirn·

145 2739 241 2811 liceat
263 2740 298 2810 in
311 2740 385 2810 ‘hac
408 2730 545 2836 optione
568 2741 716 2812 facienda
731 2740 896 2837 aliquem,
921 2742 991 2812 ie.
1010 2743 1132 2814 sennis

41 2874 43 2877 ’
144 2860 284 2931 ductum
323 2860 415 2957 sequi
442 2854 597 2957 potius,
647 2886 747 2957 quarn
788 2862 926 2932 omnino
965 2860 1128 2932 nullum?

144 2987 354 3077 Quamquam
373 2982 463 3051 haud
486 2982 574 3069 scio,
598 3006 642 3052 an
667 2982 814 3052 accidere
836 3007 1017 3077 numquam
1042 3007 1130 3076 pos-

143 3102 207 3188 sit,
237 3115 304 3189 ut,
334 3095 511 3170 adhibitis¹
536 3102 636 3194 justis
675 3101 911 3198 interpretandi
947 3100 1126 3192 subsidiis,

141 3244 280 3321 prorsus
308 3220 409 3290 dubia
443 3214 485 3290 sit
517 3220 648 3292 electior
706 3223 773 3298 Sed
804 3220 886 3290 illud
921 3221 1129 3293 cuicuimodi·

144 3340 208 3430 sit-3
249 3341 314 3410 hoc
348 3337 535 3435 quaeritur,
575 3367 617 3410 an
644 3342 754 3412 sensui
787 3356 917 3411 tantum
946 3340 1128 3435 aliquando

143 3460 246 3531 tribui
275 3476 308 3533 ct
335 3460 463 3554 possit
473 3476 506 3539 et
535 3460 678 3551 debeat,
714 3478 774 3551 ut,
817 3462 940 3531 frustra
968 3462 1125 3533 adhibitis

144 3578 349 3650 adminiculis
379 3580 655 3670 hermeneuticis,
688 3581 759 3678 ejus
787 3584 982 3652 anctoritate
1008 3588 1125 3653 Sacra

144 3678 221 3771 rtim
240 3699 423 3770 Litcrarum
440 3699 627 3773 intellectus
643 3702 884 3790 constituatur,
908 3703 953 3770 ita
970 3700 1126 3796 quidem,

141 3837 181 3892 ut
208 3820 295 3894 Sacri
328 3821 509 3917 Scriptores
534 3821 679 3895 candent
710 3822 818 3897 verbis
844 3822 914 3896 rim
946 3820 1126 3916 subjecisse
1215 3817 1236 3824 ⁰
1337 3795 1339 3826 i
