2678 4584
170 282 196 358 ι
353 278 1064 399 ειιοιιοοιιιιιᾎ“

171 477 291 550 ducere
312 503 350 550 ac
368 494 513 573 repetere
533 477 718 550 debeamus.
767 480 856 566 Quid
874 479 987 552 enimi)
1010 477 1045 553 in
1061 496 1145 556 cete·
1239 480 1243 486 ’

172 624 285 671 rarum
315 623 427 668 rerum
457 595 657 692 disciplinis,
697 597 876 693 quinetiam
901 600 935 670 in
958 603 1065 691 {rebus
1092 603 1147 674 'vi-
1195 650 1198 657 -
1230 683 1233 694 ,

173 734 215 791 ta
258 717 466 806 communiS,
497 731 554 786 aut
570 697 767 813 plerumque
788 735 938 814 turpem,
961 735 1018 791 aut
1042 712 1146 792 rium-

162 862 274 933 ‚quam
300 833 508 926 laudabilem
530 836 689 907 ducemus
720 837 942 925 inscientiam
967 839 1002 909 in
1033 840 1149 936 philo-

173 957 307 1053 sophia,
323 978 411 1052 ..quae
439 954 646 1026 occultarum'
675 937 1005 1054 &rarissimarumq'ue
1035 985 1148 1031 rerum

173 1076 422 1172 patefactionem
446 1073 637 1170 pollicetur,
657 1074 686 1144 is
705 1074 840 1145 demum
863 1074 1045 1170 plurimum
1065 1104 1154 1173 pro--

173 1196 288 1269 fecisse
318 1191 576 1281 existimabitur,
601 1193 658 1288 qui
680 1219 714 1264 se
734 1194 818 1265 nihil
839 1195 922 1265 scire
940 1211 973 1265 et
991 1196 1151 1292 intelligat

171 1330 209 1385 et
237 1296 457 1411 profiteatur?
509 1319 551 1382 Et
580 1313 748 1384 tamensi
778 1300 911 1400 eorum,
946 1316 1003 1408 qui
1026 1317 1100 1386 inde
1129 1343 1150 1386 a

179 1435 320 1506 Thalete
345 1435 476 1504 Mr'lesto
498 1430 724 1527 philosophati
745 1449 839 1522 sunt,
861 1459 989 1528 pugnas
1015 1435 1099 1504 inter
1118 1461 1153 1506 se

175 1567 276 1648 utque
303 1553 527 1623 conflictiones
552 1552 812 1640 consideramus,
838 1554 909 1621 haec
927 1552 968 1621 ab
990 1553 1060 1647 ipsa
1077 1557 1151 1647 phi·
1248 1604 1251 1610 ·

177 1669 339 1768 losophia,
357 1672 481 1766 scripta¹
500 1668 792 1767 'philosophaster
818 1668 970 1758 ridetu‘r,
996 1687 1034 1742 ut
1057 1673 1154 1743 cohi-

178 1785 298 1864 beatur
329 1794 482 1862 assensio.
531 1798 660 1882 Fugere
687 1790 804 1857 veritas
824 1804 984 1860 amatores
1004 1815 1083 1859 suos
1101 1794 1156 1861 vi-

180 1913 300 2021 detur,
325 1925 364 1979 ut
369 1911 613 2020 insequentem
633 1905 818 2001 Apollinem
839 1913 951 1976 laura.
1002 1909 1157 2004 Quinque
1260 1931 1265 1941 ·

176 2044 216 2102 ‘ct
233 2029 350 2142 viginti
370 2012 566 2100 saeculorum
589 2022 712 2098 bellurn
736 2040 807 2114 est3
828 2015 918 2095 nulla
939 2026 1050 2098 adhuc
1068 2030 1159 2123 pacis
1235 2028 1237 2032 ’

165 2172 283 2252 spes,
300 2148 392 2221 nulla
420 2148 619 2264 litigantium
649 2145 867 2241 compositio,
888 2142 987 2217 nullo
1001 2148 1156 2223 inducis
1263 2132 1267 2145 ’

182 2274 301 2367 Neque
326 2285 384 2339 aut
406 2267 563 2364 praeteriti
585 2261 745 2360 temporis
768 2265 971 2355 recordatio,
991 2283 1049 2338 aut
1076 2294 1159 2362 prae·

112 2453 114 2463 ‚
182 2374 289 2463 adsitis
310 2387 483 2483 cogitatur,
503 2397 565 2457 'aut
583 2384 686 2456 futuri
703 2385 908 2481 providentia
926 2384 1163 2482 ultumaugu.

177 2511 279 2582 nium
302 2507 420 2595 affert,
445 2530 515 2600 quo
545 2503 620 2575 freti
649 2520 781 2601 sperare
804 2506 992 2600 possimus,
1011 2508 1080 2579 lore
1099 2509 1164 2583 ali-

191 2627 345 2750 quando,
362 2639 402 2696 ut
420 2639 516 2695 'arma
528 2639 705 2718 ponantur.

205 2731 364 2819 Similis
390 2758 437 2814 est
466 2741 553 2813 illius
583 2739 763 2838 disciplinae
798 2743 1033 2836 inconstantia,
1056 2760 1165 2844 quam

196 2868 256 2965 qui
271 2866 509 2975 profitentur,
550 2860 710 2956 Theologi
744 2864 910 2935 dicuntur.
959 2872 1043 2935 Cum
1077 2869 1167 2938 enim
1267 2937 1269 2941 ,

105 3029 107 3033 >
195 2969 425 3081 theologicae
445 2970 664 3078 philosophiae
683 2983 803 3078 partim
825 3008 1002 3055 commune
1021 2987 1063 3055 sit
1079 2988 1170 3082 prin·

175 3107 344 3202 cipiunt,
375 3103 458 3173 ratio
487 3105 649 3188 humano,
674 3101 789 3172 iisdem
813 3105 968 3175 fluctibus
996 3092 1171 3202 utramque

199 3222 408 3321 disciplinam
425 3247 554 3293 necesse
574 3236 623 3292 est
641 3223 761 3313 jactari.
811 3223 872 3292 Sed
892 3223 1065 3318 theologie
1078 3227 1180 3296 dete-'
1273 3202 1275 3207 Ι

114 3368 115 3375 ’
177 3347 275 3418 ¹dior
294 3345 398 3414 etiem
413 3357 479 3430 est,
503 3366 603 3436 quam
627 3341 862 3437 philosophiae,
880 3344 1045 3433 conditio,
1064 3346 1173 3439 qnod,

179 3476 287 3571 “cunt
306 3462 451 3535 altera
421 3487 492 3552 epus
512 3487 608 3533 rausa
623 3487 661 3533 ac
676 3461 879 3558 principium
899 3464 941 3533 sit
956 3471 1060 3534 Sacra·
1071 3465 1176 3559 Scrip-

181 3592 304 3673 itura,
331 3583 372 3652 dc
397 3583 494 3651 hac
486 3606 555 3677 ipsa
577 3595 686 3653 tantae
697 3597 775 3654 sunt
796 3607 835 3654 ac
858 3597 926 3653 tam
952 3608 1040 3654 acres
1062 3583 1177 3653 erudi-¹

181 3718 321 3777 'torum
347 3701 522 3774 hominum
543 3702 648 3794 rixae,
678 3716 717 3774 ut
746 3728 799 3776 eas
822 3687 1049 3778 dinumerarc'
1059 3703 1178 3777 inlini·

180 3806 351 3909 zffltit·
385 3838 394 3863 ’·
600 3840 603 3847 ’
