<?xml version="1.0" encoding="UTF-8"?>
<!DOCTYPE html PUBLIC "-//W3C//DTD XHTML 1.0 Transitional//EN"
    "http://www.w3.org/TR/xhtml1/DTD/xhtml1-transitional.dtd">
<html xmlns="http://www.w3.org/1999/xhtml" xml:lang="en" lang="en">
 <head>
  <title>
</title>
<meta http-equiv="Content-Type" content="text/html;charset=utf-8" />
  <meta name='ocr-system' content='tesseract 3.04.00' />
  <meta name='ocr-capabilities' content='ocr_page ocr_carea ocr_par ocr_line ocrx_word'/>
</head>
<body>
  <div class='ocr_page' id='page_1' title='image "./disputatiodemys00borggoog_0163.png"; bbox 0 0 2678 4584; ppageno 0'>
   <div class='ocr_carea' id='block_1_1' title="bbox 174 273 1161 388">
    <p class='ocr_par' dir='ltr' id='par_1_1' title="bbox 174 273 1161 388">
     <span class='ocr_line' id='line_1_1' title="bbox 174 273 1161 388; baseline -0.004 -16"><span class='ocrx_word' id='word_1_1' title='bbox 174 300 244 388; x_wconf 69' lang='lat' dir='ltr'><strong>ms</strong></span> <span class='ocrx_word' id='word_1_2' title='bbox 377 273 901 369; x_wconf 67' lang='lat' dir='ltr'><strong>&#39;utsrurfflo—</strong></span> <span class='ocrx_word' id='word_1_3' title='bbox 1144 298 1161 345; x_wconf 66' lang='lat' dir='ltr'><strong>r?</strong></span> 
     </span>
    </p>
   </div>
   <div class='ocr_carea' id='block_1_2' title="bbox 169 489 1155 1909">
    <p class='ocr_par' dir='ltr' id='par_1_2' title="bbox 173 489 1148 589">
     <span class='ocr_line' id='line_1_2' title="bbox 173 489 1148 589; baseline -0.003 -26"><span class='ocrx_word' id='word_1_4' title='bbox 173 491 306 589; x_wconf 78' lang='lat' dir='ltr'><strong>adepti:</strong></span> <span class='ocrx_word' id='word_1_5' title='bbox 323 515 468 586; x_wconf 87' lang='lat' dir='ltr'><strong>quorum</strong></span> <span class='ocrx_word' id='word_1_6' title='bbox 490 489 538 560; x_wconf 88' lang='lat' dir='ltr'><strong>illi</strong></span> <span class='ocrx_word' id='word_1_7' title='bbox 562 514 638 561; x_wconf 82' lang='lat' dir='ltr'><strong>oum</strong></span> <span class='ocrx_word' id='word_1_8' title='bbox 659 491 883 578; x_wconf 81' lang='lat' dir='ltr'><strong>nascentibus,</strong></span> <span class='ocrx_word' id='word_1_9' title='bbox 906 491 943 561; x_wconf 90' lang='lat' dir='ltr'><strong>hi</strong></span> <span class='ocrx_word' id='word_1_10' title='bbox 959 517 1035 562; x_wconf 87' lang='lat' dir='ltr'><strong>cum</strong></span> <span class='ocrx_word' id='word_1_11' title='bbox 1059 491 1148 560; x_wconf 80' lang='lat' dir='ltr'><strong>adui-</strong></span> 
     </span>
    </p>

    <p class='ocr_par' dir='ltr' id='par_1_3' title="bbox 169 609 1155 1909">
     <span class='ocr_line' id='line_1_3' title="bbox 169 609 1150 708; baseline 0 -27"><span class='ocrx_word' id='word_1_12' title='bbox 169 613 216 682; x_wconf 79' lang='lat' dir='ltr'><strong>&#39;tis</strong></span> <span class='ocrx_word' id='word_1_13' title='bbox 244 611 426 708; x_wconf 75' lang='lat' dir='ltr'><strong>comparari</strong></span> <span class='ocrx_word' id='word_1_14' title='bbox 462 625 620 704; x_wconf 77' lang='lat' dir='ltr'><strong>possunt:</strong></span> <span class='ocrx_word' id='word_1_15' title='bbox 650 627 748 706; x_wconf 89' lang='lat' dir='ltr'><strong>atque</strong></span> <span class='ocrx_word' id='word_1_16' title='bbox 778 626 817 681; x_wconf 90' lang='lat' dir='ltr'><strong>ut</strong></span> <span class='ocrx_word' id='word_1_17' title='bbox 845 609 1035 681; x_wconf 88' lang='lat' dir='ltr'><strong>adultorum</strong></span> <span class='ocrx_word' id='word_1_18' title='bbox 1073 627 1150 681; x_wconf 82' lang='lat' dir='ltr'><strong>aetas</strong></span> 
     </span>
     <span class='ocr_line' id='line_1_4' title="bbox 172 726 1152 826; baseline -0.003 -23"><span class='ocrx_word' id='word_1_19' title='bbox 172 734 269 803; x_wconf 78' lang='lat' dir='ltr'><strong>firma</strong></span> <span class='ocrx_word' id='word_1_20' title='bbox 298 757 336 802; x_wconf 87' lang='lat' dir='ltr'><strong>ao</strong></span> <span class='ocrx_word' id='word_1_21' title='bbox 370 730 541 826; x_wconf 83' lang='lat' dir='ltr'><strong>perfecta,</strong></span> <span class='ocrx_word' id='word_1_22' title='bbox 577 730 741 801; x_wconf 87' lang='lat' dir='ltr'><strong>infantum</strong></span> <span class='ocrx_word' id='word_1_23' title='bbox 780 732 911 801; x_wconf 87' lang='lat' dir='ltr'><strong>infirma</strong></span> <span class='ocrx_word' id='word_1_24' title='bbox 938 726 972 800; x_wconf 86' lang='lat' dir='ltr'><strong>et</strong></span> <span class='ocrx_word' id='word_1_25' title='bbox 1000 731 1152 801; x_wconf 85' lang='lat' dir='ltr'><strong>inchoata</strong></span> 
     </span>
     <span class='ocr_line' id='line_1_5' title="bbox 173 847 1152 945; baseline 0 -27"><span class='ocrx_word' id='word_1_26' title='bbox 173 865 241 937; x_wconf 87' lang='lat' dir='ltr'><strong>est,</strong></span> <span class='ocrx_word' id='word_1_27' title='bbox 270 851 325 920; x_wconf 79' lang='lat' dir='ltr'><strong>sie‘</strong></span> <span class='ocrx_word' id='word_1_28' title='bbox 342 847 429 932; x_wconf 86' lang='lat' dir='ltr'><strong>illius</strong></span> <span class='ocrx_word' id='word_1_29' title='bbox 453 850 693 934; x_wconf 85' lang='lat' dir='ltr'><strong>conjunctionis</strong></span> <span class='ocrx_word' id='word_1_30' title='bbox 723 850 884 920; x_wconf 84' lang='lat' dir='ltr'><strong>affectatio</strong></span> <span class='ocrx_word' id='word_1_31' title='bbox 905 865 1035 919; x_wconf 88' lang='lat' dir='ltr'><strong>tantum</strong></span> <span class='ocrx_word' id='word_1_32' title='bbox 1060 851 1152 945; x_wconf 86' lang='lat' dir='ltr'><strong>prin·</strong></span> 
     </span>
     <span class='ocr_line' id='line_1_6' title="bbox 174 968 1151 1066; baseline -0.001 -26"><span class='ocrx_word' id='word_1_33' title='bbox 174 969 299 1064; x_wconf 87' lang='lat' dir='ltr'><strong>cipium</strong></span> <span class='ocrx_word' id='word_1_34' title='bbox 322 984 392 1056; x_wconf 86' lang='lat' dir='ltr'><strong>est,</strong></span> <span class='ocrx_word' id='word_1_35' title='bbox 418 968 488 1062; x_wconf 86' lang='lat' dir='ltr'><strong>ejus</strong></span> <span class='ocrx_word' id='word_1_36' title='bbox 518 992 597 1038; x_wconf 84' lang='lat' dir='ltr'><strong>vero</strong></span> <span class='ocrx_word' id='word_1_37' title='bbox 636 968 788 1064; x_wconf 86' lang='lat' dir='ltr'>adeptio,</span> <span class='ocrx_word' id='word_1_38' title='bbox 827 994 910 1066; x_wconf 83' lang='lat' dir='ltr'><strong>apex</strong></span> <span class='ocrx_word' id='word_1_39' title='bbox 946 970 1151 1064; x_wconf 87' lang='lat' dir='ltr'><strong>Mysticismi.</strong></span> 
     </span>
     <span class='ocr_line' id='line_1_7' title="bbox 175 1087 1154 1184; baseline 0.001 -26"><span class='ocrx_word' id='word_1_40' title='bbox 175 1087 376 1182; x_wconf 75' lang='lat' dir='ltr'><strong>intelligitur</strong></span> <span class='ocrx_word' id='word_1_41' title='bbox 411 1102 521 1158; x_wconf 86' lang='lat' dir='ltr'><strong>autem</strong></span> <span class='ocrx_word' id='word_1_42' title='bbox 540 1108 561 1175; x_wconf 78' lang='lat'><strong>‚·</strong></span> <span class='ocrx_word' id='word_1_43' title='bbox 580 1113 675 1177; x_wconf 80' lang='lat' dir='ltr'><strong>eos,</strong></span> <span class='ocrx_word' id='word_1_44' title='bbox 717 1090 776 1184; x_wconf 94' lang='lat' dir='ltr'><strong>qui</strong></span> <span class='ocrx_word' id='word_1_45' title='bbox 818 1087 908 1159; x_wconf 85' lang='lat' dir='ltr'><strong>illam</strong></span> <span class='ocrx_word' id='word_1_46' title='bbox 948 1089 1154 1178; x_wconf 87' lang='lat' dir='ltr'><strong>conjunctio·</strong></span> 
     </span>
     <span class='ocr_line' id='line_1_8' title="bbox 175 1207 1154 1307; baseline 0.002 -31"><span class='ocrx_word' id='word_1_47' title='bbox 175 1232 254 1277; x_wconf 90' lang='lat' dir='ltr'><strong>nem</strong></span> <span class='ocrx_word' id='word_1_48' title='bbox 284 1209 433 1277; x_wconf 87' lang='lat' dir='ltr'><strong>nondum</strong></span> <span class='ocrx_word' id='word_1_49' title='bbox 467 1207 604 1278; x_wconf 83' lang='lat' dir='ltr'><strong>assecuti</strong></span> <span class='ocrx_word' id='word_1_50' title='bbox 633 1209 715 1296; x_wconf 85' lang='lat' dir='ltr'><strong>sint,</strong></span> <span class='ocrx_word' id='word_1_51' title='bbox 743 1222 777 1278; x_wconf 86' lang='lat' dir='ltr'><strong>et</strong></span> <span class='ocrx_word' id='word_1_52' title='bbox 793 1209 910 1307; x_wconf 27' lang='lat' dir='ltr'><strong>&#39;adhue</strong></span> <span class='ocrx_word' id='word_1_53' title='bbox 936 1207 1037 1279; x_wconf 83' lang='lat' dir='ltr'><strong>veluti</strong></span> <span class='ocrx_word' id='word_1_54' title='bbox 1068 1209 1154 1278; x_wconf 88' lang='lat' dir='ltr'><strong>ado·</strong></span> 
     </span>
     <span class='ocr_line' id='line_1_9' title="bbox 173 1325 1154 1429; baseline 0 -33"><span class='ocrx_word' id='word_1_55' title='bbox 173 1325 316 1415; x_wconf 82' lang='lat' dir='ltr'><strong>iescam,</strong></span> <span class='ocrx_word' id='word_1_56' title='bbox 331 1420 333 1429; x_wconf 16' lang='grc' dir='ltr'>Α</span> <span class='ocrx_word' id='word_1_57' title='bbox 346 1343 454 1414; x_wconf 80' lang='lat' dir='ltr'><strong>tamen</strong></span> <span class='ocrx_word' id='word_1_58' title='bbox 493 1328 538 1397; x_wconf 87' lang='lat' dir='ltr'><strong>ita</strong></span> <span class='ocrx_word' id='word_1_59' title='bbox 571 1327 632 1397; x_wconf 81' lang='lat' dir='ltr'><strong>sibi</strong></span> <span class='ocrx_word' id='word_1_60' title='bbox 664 1328 879 1423; x_wconf 86' lang='lat' dir='ltr'><strong>persuadere,</strong></span> <span class='ocrx_word' id='word_1_61' title='bbox 902 1343 962 1416; x_wconf 85' lang='lat' dir='ltr'><strong>se,</strong></span> <span class='ocrx_word' id='word_1_62' title='bbox 988 1353 1056 1423; x_wconf 94' lang='lat' dir='ltr'><strong>quo</strong></span> <span class='ocrx_word' id='word_1_63' title='bbox 1081 1343 1154 1397; x_wconf 88' lang='lat' dir='ltr'><strong>teu·</strong></span> 
     </span>
     <span class='ocr_line' id='line_1_10' title="bbox 176 1445 1153 1542; baseline 0.001 -27"><span class='ocrx_word' id='word_1_64' title='bbox 176 1446 272 1533; x_wconf 79' lang='lat' dir='ltr'><strong>dant,</strong></span> <span class='ocrx_word' id='word_1_65' title='bbox 300 1445 536 1541; x_wconf 73' lang='lat' dir='ltr'><strong>coeliquando</strong></span> <span class='ocrx_word' id='word_1_66' title='bbox 561 1471 630 1516; x_wconf 88' lang='lat' dir='ltr'><strong>esse</strong></span> <span class='ocrx_word' id='word_1_67' title='bbox 655 1462 890 1541; x_wconf 85' lang='lat' dir='ltr'><strong>perventuros,</strong></span> <span class='ocrx_word' id='word_1_68' title='bbox 926 1462 1012 1517; x_wconf 89' lang='lat' dir='ltr'><strong>certe</strong></span> <span class='ocrx_word' id='word_1_69' title='bbox 1039 1470 1153 1542; x_wconf 86' lang='lat' dir='ltr'><strong>perve-</strong></span> 
     </span>
     <span class='ocr_line' id='line_1_11' title="bbox 175 1564 1154 1663; baseline -0.001 -27"><span class='ocrx_word' id='word_1_70' title='bbox 175 1567 248 1636; x_wconf 89' lang='lat' dir='ltr'><strong>nire</strong></span> <span class='ocrx_word' id='word_1_71' title='bbox 256 1591 372 1663; x_wconf 79' lang='lat' dir='ltr'><strong>posse.</strong></span> <span class='ocrx_word' id='word_1_72' title='bbox 420 1567 491 1637; x_wconf 89' lang='lat' dir='ltr'><strong>Nisi</strong></span> <span class='ocrx_word' id='word_1_73' title='bbox 505 1564 595 1636; x_wconf 90' lang='lat' dir='ltr'><strong>enim</strong></span> <span class='ocrx_word' id='word_1_74' title='bbox 623 1567 667 1635; x_wconf 87' lang='lat' dir='ltr'><strong>ita</strong></span> <span class='ocrx_word' id='word_1_75' title='bbox 687 1567 749 1637; x_wconf 90' lang='lat' dir='ltr'><strong>sibi</strong></span> <span class='ocrx_word' id='word_1_76' title='bbox 771 1568 1025 1663; x_wconf 79' lang='lat' dir='ltr'><strong>persuaderent,</strong></span> <span class='ocrx_word' id='word_1_77' title='bbox 1044 1581 1101 1637; x_wconf 82' lang='lat' dir='ltr'><strong>aut</strong></span> <span class='ocrx_word' id='word_1_78' title='bbox 1117 1565 1154 1635; x_wconf 87' lang='lat' dir='ltr'><strong>il-</strong></span> 
     </span>
     <span class='ocr_line' id='line_1_12' title="bbox 175 1675 1154 1782; baseline -0.001 -25"><span class='ocrx_word' id='word_1_79' title='bbox 175 1683 244 1757; x_wconf 82' lang='lat' dir='ltr'><strong>lam</strong></span> <span class='ocrx_word' id='word_1_80' title='bbox 260 1686 301 1755; x_wconf 87' lang='lat' dir='ltr'><strong>ad</strong></span> <span class='ocrx_word' id='word_1_81' title='bbox 318 1691 424 1757; x_wconf 85' lang='lat' dir='ltr'><strong>Deum</strong></span> <span class='ocrx_word' id='word_1_82' title='bbox 452 1687 538 1756; x_wconf 84' lang='lat' dir='ltr'><strong>viam</strong></span> <span class='ocrx_word' id='word_1_83' title='bbox 557 1712 624 1756; x_wconf 89' lang='lat' dir='ltr'><strong>nun</strong></span> <span class='ocrx_word' id='word_1_84' title='bbox 646 1675 917 1782; x_wconf 81' lang='lat' dir='ltr'><strong>ingiederentun„</strong></span> <span class='ocrx_word' id='word_1_85' title='bbox 939 1702 998 1756; x_wconf 85' lang='lat' dir='ltr'><strong>aut</strong></span> <span class='ocrx_word' id='word_1_86' title='bbox 1017 1685 1154 1782; x_wconf 82' lang='lat' dir='ltr'><strong>ingressi</strong></span> 
     </span>
     <span class='ocr_line' id='line_1_13' title="bbox 176 1803 1155 1909; baseline 0.001 -35"><span class='ocrx_word' id='word_1_87' title='bbox 176 1804 412 1909; x_wconf 78' lang='lat' dir='ltr'><strong>relinquerent.</strong></span> <span class='ocrx_word' id='word_1_88' title='bbox 459 1803 512 1874; x_wconf 84' lang='lat' dir='ltr'><strong>sic</strong></span> <span class='ocrx_word' id='word_1_89' title='bbox 528 1805 675 1874; x_wconf 89' lang='lat' dir='ltr'><strong>sehabet</strong></span> <span class='ocrx_word' id='word_1_90' title='bbox 694 1806 864 1903; x_wconf 81' lang='lat' dir='ltr'><strong>Fiehtiana</strong></span> <span class='ocrx_word' id='word_1_91' title='bbox 876 1807 1035 1877; x_wconf 85' lang='lat' dir='ltr'><strong>doctrina.</strong></span> <span class='ocrx_word' id='word_1_92' title='bbox 1084 1811 1155 1875; x_wconf 87' lang='lat' dir='ltr'><strong>Eo-</strong></span> 
     </span>
    </p>
   </div>
   <div class='ocr_carea' id='block_1_3' title="bbox 78 1910 1283 2021">
    <p class='ocr_par' dir='ltr' id='par_1_4' title="bbox 78 1910 1283 2021">
     <span class='ocr_line' id='line_1_14' title="bbox 78 1910 1283 2021; baseline -0.002 -26"><span class='ocrx_word' id='word_1_93' title='bbox 78 1965 80 1969; x_wconf 20' lang='grc' dir='ltr'><em>ι</em></span> <span class='ocrx_word' id='word_1_94' title='bbox 178 1925 255 1994; x_wconf 87' lang='lat' dir='ltr'><strong>dem</strong></span> <span class='ocrx_word' id='word_1_95' title='bbox 287 1925 441 2020; x_wconf 78' lang='lat' dir='ltr'><strong>dogmate</strong></span> <span class='ocrx_word' id='word_1_96' title='bbox 468 1925 630 2012; x_wconf 76' lang='lat' dir='ltr'><strong>,jubemur</strong></span> <span class='ocrx_word' id='word_1_97' title='bbox 653 1931 794 2013; x_wconf 80' lang='lat' dir='ltr'><strong>-conan&#39;,</strong></span> <span class='ocrx_word' id='word_1_98' title='bbox 819 1951 887 2021; x_wconf 91' lang='lat' dir='ltr'><strong>quo</strong></span> <span class='ocrx_word' id='word_1_99' title='bbox 907 1910 1087 2020; x_wconf 80' lang='lat' dir='ltr'><strong>desperare</strong></span> <span class='ocrx_word' id='word_1_100' title='bbox 1098 1924 1153 2018; x_wconf 85' lang='lat' dir='ltr'><strong>ju·</strong></span> <span class='ocrx_word' id='word_1_101' title='bbox 1254 1930 1283 1988; x_wconf 51' lang='lat'><strong>,¹</strong></span> 
     </span>
    </p>
   </div>
   <div class='ocr_carea' id='block_1_4' title="bbox 153 2043 1154 2856">
    <p class='ocr_par' dir='ltr' id='par_1_5' title="bbox 153 2043 1154 2856">
     <span class='ocr_line' id='line_1_15' title="bbox 177 2043 1153 2128; baseline -0.003 -15"><span class='ocrx_word' id='word_1_102' title='bbox 177 2044 306 2114; x_wconf 88' lang='lat' dir='ltr'><strong>bemur.</strong></span> <span class='ocrx_word' id='word_1_103' title='bbox 363 2048 479 2115; x_wconf 88' lang='lat' dir='ltr'><strong>Monet</strong></span> <span class='ocrx_word' id='word_1_104' title='bbox 505 2046 593 2112; x_wconf 89' lang='lat' dir='ltr'><strong>enim</strong></span> <span class='ocrx_word' id='word_1_105' title='bbox 628 2043 799 2128; x_wconf 75' lang='lat' dir='ltr'><strong>Ft&#39;cdtt&#39;us,</strong></span> <span class='ocrx_word' id='word_1_106' title='bbox 836 2058 875 2112; x_wconf 88' lang='lat' dir='ltr'><strong>ut</strong></span> <span class='ocrx_word' id='word_1_107' title='bbox 902 2045 1014 2113; x_wconf 89' lang='lat' dir='ltr'><strong>omnia</strong></span> <span class='ocrx_word' id='word_1_108' title='bbox 1045 2043 1153 2127; x_wconf 74' lang='lat' dir='ltr'><strong>studia</strong></span> 
     </span>
     <span class='ocr_line' id='line_1_16' title="bbox 176 2162 1152 2257; baseline -0.001 -25"><span class='ocrx_word' id='word_1_109' title='bbox 176 2179 291 2233; x_wconf 86' lang='lat' dir='ltr'><strong>nostra</strong></span> <span class='ocrx_word' id='word_1_110' title='bbox 328 2189 507 2257; x_wconf 89' lang='lat' dir='ltr'><strong>omnesque</strong></span> <span class='ocrx_word' id='word_1_111' title='bbox 542 2163 757 2256; x_wconf 85' lang='lat' dir='ltr'><strong>cogitationes</strong></span> <span class='ocrx_word' id='word_1_112' title='bbox 787 2187 827 2232; x_wconf 89' lang='lat' dir='ltr'><strong>eo</strong></span> <span class='ocrx_word' id='word_1_113' title='bbox 858 2162 1088 2249; x_wconf 75' lang='lat' dir='ltr'><strong>conteramus,</strong></span> <span class='ocrx_word' id='word_1_114' title='bbox 1113 2176 1152 2231; x_wconf 91' lang='lat' dir='ltr'><strong>ut</strong></span> 
     </span>
     <span class='ocr_line' id='line_1_17' title="bbox 153 2282 1153 2392; baseline -0.003 -38"><span class='ocrx_word' id='word_1_115' title='bbox 153 2282 225 2392; x_wconf 36' lang='lat' dir='ltr'><strong>,itli</strong></span> <span class='ocrx_word' id='word_1_116' title='bbox 252 2284 385 2355; x_wconf 79' lang='lat' dir='ltr'><strong>termini</strong></span> <span class='ocrx_word' id='word_1_117' title='bbox 413 2284 455 2376; x_wconf 79' lang='grc' dir='ltr'><strong>(ἱ.</strong></span> <span class='ocrx_word' id='word_1_118' title='bbox 479 2308 508 2353; x_wconf 92' lang='lat' dir='ltr'><strong>e.</strong></span> <span class='ocrx_word' id='word_1_119' title='bbox 533 2285 747 2378; x_wconf 81' lang='lat' dir='ltr'><strong>Non-Ego),</strong></span> <span class='ocrx_word' id='word_1_120' title='bbox 775 2284 897 2378; x_wconf 89' lang='lat' dir='ltr'><strong>quibus</strong></span> <span class='ocrx_word' id='word_1_121' title='bbox 920 2283 1052 2353; x_wconf 86' lang='lat' dir='ltr'><strong>finitum</strong></span> <span class='ocrx_word' id='word_1_122' title='bbox 1076 2307 1153 2352; x_wconf 89' lang='lat' dir='ltr'><strong>nos-</strong></span> 
     </span>
     <span class='ocr_line' id='line_1_18' title="bbox 177 2401 1153 2498; baseline -0.002 -25"><span class='ocrx_word' id='word_1_123' title='bbox 177 2418 269 2473; x_wconf 85' lang='lat' dir='ltr'><strong>trum</strong></span> <span class='ocrx_word' id='word_1_124' title='bbox 281 2410 352 2498; x_wconf 84' lang='lat' dir='ltr'><strong>Ego</strong></span> <span class='ocrx_word' id='word_1_125' title='bbox 368 2405 535 2498; x_wconf 84' lang='lat' dir='ltr'><strong>cingatur,</strong></span> <span class='ocrx_word' id='word_1_126' title='bbox 552 2401 721 2473; x_wconf 87' lang='lat' dir='ltr'><strong>tollantur.</strong></span> <span class='ocrx_word' id='word_1_127' title='bbox 752 2401 831 2473; x_wconf 84' lang='lat' dir='ltr'><strong>Vult</strong></span> <span class='ocrx_word' id='word_1_128' title='bbox 844 2403 964 2498; x_wconf 85' lang='lat' dir='ltr'><strong>igitur,</strong></span> <span class='ocrx_word' id='word_1_129' title='bbox 978 2417 1017 2472; x_wconf 88' lang='lat' dir='ltr'><strong>ut</strong></span> <span class='ocrx_word' id='word_1_130' title='bbox 1035 2426 1153 2471; x_wconf 90' lang='lat' dir='ltr'><strong>unum-</strong></span> 
     </span>
     <span class='ocr_line' id='line_1_19' title="bbox 179 2520 1154 2618; baseline -0.001 -26"><span class='ocrx_word' id='word_1_131' title='bbox 179 2524 335 2618; x_wconf 84' lang='lat' dir='ltr'><strong>quodque</strong></span> <span class='ocrx_word' id='word_1_132' title='bbox 363 2522 527 2618; x_wconf 84' lang='lat' dir='ltr'><strong>singulare</strong></span> <span class='ocrx_word' id='word_1_133' title='bbox 554 2529 623 2616; x_wconf 79' lang='lat' dir='ltr'><strong>Ego</strong></span> <span class='ocrx_word' id='word_1_134' title='bbox 650 2548 690 2593; x_wconf 87' lang='lat' dir='ltr'><strong>ex</strong></span> <span class='ocrx_word' id='word_1_135' title='bbox 714 2520 872 2618; x_wconf 84' lang='lat' dir='ltr'><strong>angustiis</strong></span> <span class='ocrx_word' id='word_1_136' title='bbox 900 2523 969 2592; x_wconf 88' lang='lat' dir='ltr'><strong>suis</strong></span> <span class='ocrx_word' id='word_1_137' title='bbox 1003 2547 1039 2592; x_wconf 87' lang='lat' dir='ltr'><strong>se</strong></span> <span class='ocrx_word' id='word_1_138' title='bbox 1067 2521 1154 2593; x_wconf 63' lang='lat' dir='ltr'><strong>edu-</strong></span> 
     </span>
     <span class='ocr_line' id='line_1_20' title="bbox 179 2620 1154 2735; baseline 0 -25"><span class='ocrx_word' id='word_1_139' title='bbox 179 2656 247 2727; x_wconf 82' lang='lat' dir='ltr'><strong>cat,</strong></span> <span class='ocrx_word' id='word_1_140' title='bbox 271 2657 370 2735; x_wconf 88' lang='lat' dir='ltr'><strong>atque</strong></span> <span class='ocrx_word' id='word_1_141' title='bbox 390 2642 436 2710; x_wconf 86' lang='lat' dir='ltr'><strong>sic</strong></span> <span class='ocrx_word' id='word_1_142' title='bbox 454 2639 643 2710; x_wconf 86' lang='lat' dir='ltr'><strong>absolutum</strong></span> <span class='ocrx_word' id='word_1_143' title='bbox 664 2647 750 2735; x_wconf 82' lang='lat' dir='ltr'><strong>Ego,</strong></span> <span class='ocrx_word' id='word_1_144' title='bbox 769 2620 962 2712; x_wconf 86' lang='lat' dir='ltr'><strong>limitatione</strong></span> <span class='ocrx_word' id='word_1_145' title='bbox 983 2638 1083 2711; x_wconf 88' lang='lat' dir='ltr'><strong>veluti</strong></span> <span class='ocrx_word' id='word_1_146' title='bbox 1108 2641 1154 2710; x_wconf 86' lang='lat' dir='ltr'><strong>di·</strong></span> 
     </span>
     <span class='ocr_line' id='line_1_21' title="bbox 178 2759 1152 2856; baseline -0.003 -27"><span class='ocrx_word' id='word_1_147' title='bbox 178 2759 310 2846; x_wconf 80' lang='lat' dir='ltr'><strong>visum,</strong></span> <span class='ocrx_word' id='word_1_148' title='bbox 344 2761 547 2830; x_wconf 81' lang='lat' dir='ltr'><strong>restituatur.</strong></span> <span class='ocrx_word' id='word_1_149' title='bbox 605 2767 720 2856; x_wconf 85' lang='lat' dir='ltr'><strong>Itaque</strong></span> <span class='ocrx_word' id='word_1_150' title='bbox 752 2760 886 2838; x_wconf 83' lang='lat' dir='ltr'><strong>tendere</strong></span> <span class='ocrx_word' id='word_1_151' title='bbox 927 2761 1083 2829; x_wconf 89' lang='lat' dir='ltr'><strong>debemus</strong></span> <span class='ocrx_word' id='word_1_152' title='bbox 1119 2759 1152 2826; x_wconf 91' lang='lat' dir='ltr'><strong>in</strong></span> 
     </span>
    </p>
   </div>
   <div class='ocr_carea' id='block_1_5' title="bbox 52 2877 1154 2976">
    <p class='ocr_par' dir='ltr' id='par_1_6' title="bbox 52 2877 1154 2976">
     <span class='ocr_line' id='line_1_22' title="bbox 52 2877 1154 2976; baseline -0.003 -26"><span class='ocrx_word' id='word_1_153' title='bbox 52 2940 55 2950; x_wconf 85' lang='lat'><strong>.</strong></span> <span class='ocrx_word' id='word_1_154' title='bbox 177 2878 396 2966; x_wconf 69' lang='lat' dir='ltr'><strong>Absolutum,</strong></span> <span class='ocrx_word' id='word_1_155' title='bbox 419 2880 442 2948; x_wconf 89' lang='lat' dir='ltr'><strong>i.</strong></span> <span class='ocrx_word' id='word_1_156' title='bbox 466 2905 496 2949; x_wconf 89' lang='lat' dir='ltr'><strong>e.</strong></span> <span class='ocrx_word' id='word_1_157' title='bbox 523 2880 557 2948; x_wconf 87' lang='lat' dir='ltr'><strong>in</strong></span> <span class='ocrx_word' id='word_1_158' title='bbox 578 2884 707 2950; x_wconf 88' lang='lat' dir='ltr'><strong>Deum:</strong></span> <span class='ocrx_word' id='word_1_159' title='bbox 728 2906 802 2976; x_wconf 86' lang='lat' dir='ltr'><strong>quae</strong></span> <span class='ocrx_word' id='word_1_160' title='bbox 817 2895 867 2950; x_wconf 88' lang='lat' dir='ltr'><strong>est</strong></span> <span class='ocrx_word' id='word_1_161' title='bbox 883 2891 994 2973; x_wconf 87' lang='lat' dir='ltr'><strong>aperta</strong></span> <span class='ocrx_word' id='word_1_162' title='bbox 1011 2877 1056 2946; x_wconf 89' lang='lat' dir='ltr'><strong>ad</strong></span> <span class='ocrx_word' id='word_1_163' title='bbox 1069 2883 1154 2973; x_wconf 85' lang='lat' dir='ltr'><strong>Mys·</strong></span> 
     </span>
    </p>
   </div>
   <div class='ocr_carea' id='block_1_6' title="bbox 178 2995 1176 3332">
    <p class='ocr_par' dir='ltr' id='par_1_7' title="bbox 178 2995 1176 3332">
     <span class='ocr_line' id='line_1_23' title="bbox 178 2995 1154 3087; baseline -0.002 -18"><span class='ocrx_word' id='word_1_164' title='bbox 178 3001 348 3069; x_wconf 84' lang='lat' dir='ltr'><strong>ticismum</strong></span> <span class='ocrx_word' id='word_1_165' title='bbox 369 2997 567 3071; x_wconf 67' lang='lat' dir='ltr'><strong>cohortatio.</strong></span> <span class='ocrx_word' id='word_1_166' title='bbox 616 3001 679 3070; x_wconf 88' lang='lat' dir='ltr'><strong>Sed</strong></span> <span class='ocrx_word' id='word_1_167' title='bbox 695 3000 860 3087; x_wconf 64' lang='lat' dir='ltr'><strong>mutuus,</strong></span> <span class='ocrx_word' id='word_1_168' title='bbox 878 3023 958 3069; x_wconf 87' lang='lat' dir='ltr'><strong>cum</strong></span> <span class='ocrx_word' id='word_1_169' title='bbox 981 2995 1154 3067; x_wconf 71' lang='lat' dir='ltr'><strong>alterdnos</strong></span> 
     </span>
     <span class='ocr_line' id='line_1_24' title="bbox 180 3115 1154 3212; baseline -0.004 -24"><span class='ocrx_word' id='word_1_170' title='bbox 180 3143 284 3188; x_wconf 86' lang='lat' dir='ltr'><strong>manu</strong></span> <span class='ocrx_word' id='word_1_171' title='bbox 307 3119 460 3212; x_wconf 70' lang='lat' dir='ltr'><strong>impellit,</strong></span> <span class='ocrx_word' id='word_1_172' title='bbox 485 3117 587 3189; x_wconf 72' lang='lat' dir='ltr'><strong>aiterd</strong></span> <span class='ocrx_word' id='word_1_173' title='bbox 608 3145 724 3188; x_wconf 85' lang='lat' dir='ltr'><strong>rursus</strong></span> <span class='ocrx_word' id='word_1_174' title='bbox 753 3125 880 3188; x_wconf 71' lang='lat' dir='ltr'><strong>retmet.</strong></span> <span class='ocrx_word' id='word_1_175' title='bbox 934 3115 1022 3187; x_wconf 85' lang='lat' dir='ltr'><strong>Dicit</strong></span> <span class='ocrx_word' id='word_1_176' title='bbox 1048 3117 1154 3204; x_wconf 81' lang='lat' dir='ltr'><strong>enim,</strong></span> 
     </span>
     <span class='ocr_line' id='line_1_25' title="bbox 179 3234 1176 3332; baseline -0.001 -26"><span class='ocrx_word' id='word_1_177' title='bbox 179 3235 342 3306; x_wconf 84' lang='lat' dir='ltr'><strong>terminos</strong></span> <span class='ocrx_word' id='word_1_178' title='bbox 366 3234 439 3306; x_wconf 91' lang='lat' dir='ltr'><strong>illos</strong></span> <span class='ocrx_word' id='word_1_179' title='bbox 455 3238 598 3331; x_wconf 85' lang='lat' dir='ltr'><strong>proferri</strong></span> <span class='ocrx_word' id='word_1_180' title='bbox 620 3263 737 3332; x_wconf 84' lang='lat' dir='ltr'><strong>posse,</strong></span> <span class='ocrx_word' id='word_1_181' title='bbox 757 3235 829 3308; x_wconf 82' lang='lat' dir='ltr'><strong>tolli</strong></span> <span class='ocrx_word' id='word_1_182' title='bbox 852 3260 921 3308; x_wconf 86' lang='lat' dir='ltr'><strong>non</strong></span> <span class='ocrx_word' id='word_1_183' title='bbox 945 3261 1054 3331; x_wconf 90' lang='lat' dir='ltr'><strong>posse:</strong></span> <span class='ocrx_word' id='word_1_184' title='bbox 1076 3261 1176 3313; x_wconf 81' lang='lat' dir='ltr'><strong>uam¹</strong></span> 
     </span>
    </p>
   </div>
   <div class='ocr_carea' id='block_1_7' title="bbox 55 3354 1155 3452">
    <p class='ocr_par' dir='ltr' id='par_1_8' title="bbox 55 3354 1155 3452">
     <span class='ocr_line' id='line_1_26' title="bbox 55 3354 1155 3452; baseline -0.003 -26"><span class='ocrx_word' id='word_1_185' title='bbox 55 3391 56 3394; x_wconf 39' lang='lat'>¹</span> <span class='ocrx_word' id='word_1_186' title='bbox 179 3354 313 3426; x_wconf 85' lang='lat' dir='ltr'><strong>finitum</strong></span> <span class='ocrx_word' id='word_1_187' title='bbox 328 3378 510 3448; x_wconf 84' lang='lat' dir='ltr'><strong>numquam</strong></span> <span class='ocrx_word' id='word_1_188' title='bbox 522 3357 594 3427; x_wconf 83' lang='lat' dir='ltr'><strong>fieri</strong></span> <span class='ocrx_word' id='word_1_189' title='bbox 613 3383 710 3452; x_wconf 86' lang='lat' dir='ltr'><strong>posse</strong></span> <span class='ocrx_word' id='word_1_190' title='bbox 726 3357 903 3427; x_wconf 83' lang='lat' dir='ltr'><strong>infinitum.</strong></span> <span class='ocrx_word' id='word_1_191' title='bbox 937 3361 1074 3450; x_wconf 81' lang='lat' dir='ltr'><strong>ltaque,</strong></span> <span class='ocrx_word' id='word_1_192' title='bbox 1095 3354 1155 3450; x_wconf 83' lang='lat' dir='ltr'><strong>qui</strong></span> 
     </span>
    </p>
   </div>
   <div class='ocr_carea' id='block_1_8' title="bbox 178 3470 1176 3933">
    <p class='ocr_par' dir='ltr' id='par_1_9' title="bbox 178 3470 1176 3933">
     <span class='ocr_line' id='line_1_27' title="bbox 182 3470 1155 3572; baseline -0.003 -28"><span class='ocrx_word' id='word_1_193' title='bbox 182 3473 284 3545; x_wconf 83' lang='lat' dir='ltr'><strong>ruodo</strong></span> <span class='ocrx_word' id='word_1_194' title='bbox 295 3470 382 3542; x_wconf 86' lang='lat' dir='ltr'><strong>illius</strong></span> <span class='ocrx_word' id='word_1_195' title='bbox 393 3476 634 3562; x_wconf 83' lang='lat' dir='ltr'><strong>conjunctionis</strong></span> <span class='ocrx_word' id='word_1_196' title='bbox 647 3501 738 3572; x_wconf 86' lang='lat' dir='ltr'><strong>spem</strong></span> <span class='ocrx_word' id='word_1_197' title='bbox 749 3475 1051 3570; x_wconf 81' lang='lat' dir='ltr'><strong>ostenderat,idem</strong></span> <span class='ocrx_word' id='word_1_198' title='bbox 1074 3498 1155 3542; x_wconf 89' lang='lat' dir='ltr'><strong>rur-</strong></span> 
     </span>
     <span class='ocr_line' id='line_1_28' title="bbox 183 3592 1155 3691; baseline -0.007 -28"><span class='ocrx_word' id='word_1_199' title='bbox 183 3619 239 3663; x_wconf 92' lang='lat' dir='ltr'><strong>sus</strong></span> <span class='ocrx_word' id='word_1_200' title='bbox 261 3592 518 3691; x_wconf 82' lang='lat' dir='ltr'><strong>desperationem</strong></span> <span class='ocrx_word' id='word_1_201' title='bbox 537 3595 621 3664; x_wconf 83' lang='lat' dir='ltr'><strong>faoit.</strong></span> <span class='ocrx_word' id='word_1_202' title='bbox 670 3596 756 3666; x_wconf 84' lang='lat' dir='ltr'><strong>Fieri</strong></span> <span class='ocrx_word' id='word_1_203' title='bbox 771 3596 873 3688; x_wconf 85' lang='lat' dir='ltr'><strong>igitur</strong></span> <span class='ocrx_word' id='word_1_204' title='bbox 892 3594 1155 3668; x_wconf 8' lang='lat' dir='ltr'><strong>exFielut&#39;t’isen-</strong></span> 
     </span>
     <span class='ocr_line' id='line_1_29' title="bbox 183 3709 1176 3811; baseline -0.005 -28"><span class='ocrx_word' id='word_1_205' title='bbox 183 3713 285 3783; x_wconf 82' lang='lat' dir='ltr'><strong>tantia</strong></span> <span class='ocrx_word' id='word_1_206' title='bbox 297 3738 365 3811; x_wconf 85' lang='lat' dir='ltr'><strong>uon</strong></span> <span class='ocrx_word' id='word_1_207' title='bbox 382 3726 507 3808; x_wconf 87' lang='lat' dir='ltr'><strong>potest,</strong></span> <span class='ocrx_word' id='word_1_208' title='bbox 520 3730 563 3783; x_wconf 89' lang='lat' dir='ltr'><strong>ut</strong></span> <span class='ocrx_word' id='word_1_209' title='bbox 575 3716 737 3809; x_wconf 84' lang='lat' dir='ltr'><strong>perfectus</strong></span> <span class='ocrx_word' id='word_1_210' title='bbox 758 3713 812 3784; x_wconf 84' lang='lat' dir='ltr'><strong>ilte</strong></span> <span class='ocrx_word' id='word_1_211' title='bbox 827 3729 877 3802; x_wconf 73' lang='lat' dir='ltr'><strong>et,</strong></span> <span class='ocrx_word' id='word_1_212' title='bbox 893 3728 931 3784; x_wconf 89' lang='lat' dir='ltr'><strong>ut</strong></span> <span class='ocrx_word' id='word_1_213' title='bbox 946 3709 1154 3794; x_wconf 79' lang='lat' dir='ltr'><strong>itadixerim,</strong></span> <span class='ocrx_word' id='word_1_214' title='bbox 1174 3782 1176 3787; x_wconf 61' lang='grc'>,</span> 
     </span>
     <span class='ocr_line' id='line_1_30' title="bbox 178 3829 1155 3933; baseline -0.003 -31"><span class='ocrx_word' id='word_1_215' title='bbox 178 3829 316 3933; x_wconf 72' lang='lat' dir='ltr'><strong>aduitus</strong></span> <span class='ocrx_word' id='word_1_216' title='bbox 332 3832 552 3928; x_wconf 69' lang='lat' dir='ltr'><strong>Mysticismus</strong></span> <span class='ocrx_word' id='word_1_217' title='bbox 564 3888 574 3926; x_wconf 84' lang='lat'>,</span> <span class='ocrx_word' id='word_1_218' title='bbox 586 3836 644 3932; x_wconf 84' lang='lat' dir='ltr'><strong>qui</strong></span> <span class='ocrx_word' id='word_1_219' title='bbox 653 3836 883 3930; x_wconf 77' lang='lat' dir='ltr'><strong>conjunctione</strong></span> <span class='ocrx_word' id='word_1_220' title='bbox 896 3855 973 3905; x_wconf 88' lang='lat' dir='ltr'><strong>eum</strong></span> <span class='ocrx_word' id='word_1_221' title='bbox 990 3835 1059 3901; x_wconf 86' lang='lat' dir='ltr'><strong>Deo</strong></span> <span class='ocrx_word' id='word_1_222' title='bbox 1071 3852 1155 3901; x_wconf 85' lang='lat' dir='ltr'><strong>cou-</strong></span> 
     </span>
    </p>
   </div>
   <div class='ocr_carea' id='block_1_9' title="bbox 0 0 1351 4584">
    <p class='ocr_par' dir='ltr' id='par_1_10' title="bbox 0 0 1351 4584">
     <span class='ocr_line' id='line_1_31' title="bbox 0 0 1351 4584; baseline 0 0"><span class='ocrx_word' id='word_1_223' title='bbox 0 0 1351 4584; x_wconf 95' lang='lat' dir='ltr'><strong> </strong></span> 
     </span>
    </p>
   </div>
  </div>
 </body>
</html>
