2678 4584
185 277 235 351 68
401 277 956 343 ’1)18ΡΠ*·ΓᾹ”ΓΙΟΙ

189 472 265 566 gius
288 494 307 537 a
330 465 504 556 ‘cogitanda‘
517 465 751 561 tranquillitate
768 468 935 536 absumus.
986 473 1027 535 Et
1048 492 1163 560 quarn·

187 615 293 685 quam
322 613 390 656 non
415 610 529 656 omnes
551 589 673 682 pariter
698 601 788 655 tanta
815 587 993 655 infortunia
1020 602 1163 672 terrent,

185 726 301 780 tamen
322 709 395 801 quis
418 722 475 776 aut
497 722 563 776 tam
589 706 687 802 longe
712 707 752 776 ab
778 708 903 776 amissae
928 706 1085 776 libertatis
1106 731 1165 776 co·-

184 829 348 922 gitatione
367 842 511 895 mentem
532 827 716 921 sejungere,
740 841 796 894 aut
820 841 887 894 tam
908 826 1035 920 placido
1054 827 1164 893 animo

183 948 227 1016 in
256 948 316 1016 hae
338 946 532 1037 cogitatione
563 924 698 1014 versari'
714 959 838 1040 potest,
864 945 921 1040 qni
946 971 1026 1014 non
1041 944 1164 1014 doloris

191 1091 294 1136 sensti
312 1080 479 1160 tamquam
506 1065 618 1135 aculeo
637 1063 828 1158 pungatur?

164 1229 188 1251 «.
241 1185 274 1257 3.
299 1191 417 1255 Sensus
439 1185 558 1287 igitur,
581 1185 643 1254 hae
663 1200 853 1277 temporum
877 1184 1050 1252 acerbitate
1070 1210 1165 1254 com-

159 1312 164 1322 '
184 1321 324 1394 motus,
342 1305 527 1390 videamus,
550 1304 719 1398 quomodo
744 1303 784 1371 ad
800 1298 994 1397 'religionem
1011 1329 1045 1372 se
1065 1303 1166 1398 appli-

188 1440 252 1497 cet.
312 1431 351 1494 In
378 1423 739 1521 hojus'dieputationis
773 1423 868 1490 initio
899 1423 985 1491 tnbae
1014 1419 1166 1518 exemplo
1200 1438 1204 1444 “

187 1544 382 1629 docuimus,
415 1567 612 1629 cum-mens
638 1532 751 1636 aliquo
778 1542 878 1610 modo
907 1542 1083 1626 afficiatur,
1117 1543 1165 1611 si-

184 1662 262 1733 mul
294 1664 403 1733 subire
428 1664 604 1756 imaginem
633 1661 720 1730 illius
748 1662 816 1748 rei,
834 1688 857 1739 ¹a
881 1687 945 1754 qua
972 1663 1164 1732 alliciantur.

185 1783 338 1854 Naturali
371 1784 515 1878 qriodam
543 1764 681 1876 impetu⁴
700 1781 828 1849 animus
850 1781 890 1848 ad
911 1807 1039 1850 causam
1064 1784 1166 1852 affec-

178 1905 288 1972 -tionis
321 1928 356 1971 se
385 1903 564 1986 convertit,
591 1881 689 1993 alque
715 1924 754 1968 eo
783 1898 935 1992 cupidius
961 1925 998 1969 ac
1027 1901 1164 1972 celerius

185 2047 223 2092 se
256 2022 436 2107 convertit,
467 2045 534 2113 quo
558 2019 784 2088 vehementior
805 2019 1015 2088 estsaffectio.
1066 2023 1166 2110 Quod

143 2232 146 2237 ι
186 2158 266 2211 euin
287 2141 333 2219 ,in
349 2139 456 2223 laetis,
485 2155 557 2206 tum
584 2139 619 2205 in
648 2136 796 2205 tristibus
821 2138 919 2206 rebus
941 2138 1077 2234 intelligi
1100 2167 1165 2235 po-

134 2260 145 2281 *
188 2274 260 2329 test.
295 2265 387 2346 Quo
408 2258 495 2325 eninr
519 2257 634 2350 majori
659 2281 719 2325 nos
742 2251 899 2326 beneficio
934 2259 1066 2330 aftctos
1093 2287 1165 2330 sen·

186 2381 310 2468 timus,
337 2403 382 2455 eo
411 2375 508 2445 altius
539 2401 670 2445 sensum
703 2391 856 2445 nostrum
885 2403 923 2447 ac
945 2395 1088 2449 mentem
1110 2381 1164 2448 in-

100 2592 104 2598 ·
185 2512 254 2573 ¹trat
280 2496 384 2580 illius,
418 2499 475 2590 qni
501 2494 663 2579 contulit,
693 2480 827 2588 imago„
861 2496 1016 2567 Similiter
1038 2501 1165 2593 injuriae

136 2616 137 2621 ¹
188 2617 444 2709 ¹calamitatisqne
470 2617 614 2708 gravitas
640 2617 922 2686 vehementissime
950 2622 1097 2687 animum
1124 2619 1166 2688 ad

189 2754 293 2817 'causae
312 2735 550 2826 ,cogitationem
578 2728 747 2804 convertit.
798 2741 880 2822 Quae
904 2751 1012 2805 autem
1037 2737 1165 2808 calami·

189 2873 238 2927 tas
261 2853 417 2924 libertatis
442 2852 615 2921 amissione
639 2858 768 2943 gravior
791 2879 860 2925 esse
883 2857 1015 2948 potest?
1065 2860 1166 2946 Cujus

187 2981 322 3075 jacturae
357 2973 563 3042 tristissimus
589 2998 706 3042 sensus
732 2999 808 3048 cuni
838 2975 872 3042 in
900 2976 1065 3044 mentibus
1090 3002 1167 3046 nos·

188 3099 251 3167 tris
276 3097 453 3176 necessario
484 3093 614 3165 excitet
637 3093 812 3186 imaginem
842 3118 962 3179 causae,
995 3120 1068 3188 quae
1095 3111 1168 3165 tan-

190 3231 264 3284 tum
294 3214 453 3281 damnum
482 3212 628 3298 dederit,
658 3212 712 3281 alii
734 3213 867 3306 quidem
890 3211 976 3280 ultra
999 3218 1169 3286 secanda-

189 3341 278 3405 Ja'am
315 3356 444 3400 causam
477 3357 544 3401 non
580 3333 853 3426 progrediuntur,
886 3329 942 3399 alii
971 3333 1011 3402 ad
1030 3343 1168 3429 przina-

189 3463 279 3525 riam
309 3477 342 3520 se
369 3451 533 3535 eller·unt;
561 3453 646 3539 sive,
674 3467 711 3521 ut
741 3452 861 3522 rectius
896 3453 1021 3540 dicam,
1053 3481 1167 3525 omnes

189 3589 368 3664 utramque
388 3593 517 3636 oausam
539 3587 648 3640 mente
670 3587 703 3641 et
725 3572 922 3665 cogitatione
944 3576 1167 3665 conjungunt,

189 3693 247 3765 sed
270 3692 304 3758 in
331 3687 394 3756 alio
417 3689 526 3757 animo
551 3689 670 3782 hujus,
694 3691 728 3760 in
748 3690 811 3760 alio
832 3691 919 3760 illius
940 3719 1060 3777 causae,
1085 3666 1168 3758 iina-¹

123 3861 127 3882 i
189 3837 237 3908 go
259 3805 410 3907 praevalet
433 3834 469 3879 nc
487 3809 626 3883 vividior
644 3825 702 3882 est.
752 3817 794 3881 Et
810 3813 1017 3881 secundaria
1036 3797 1169 3907 quidem
