2678 4584
371 330 943 397 narrrsrrcrssro.
1095 333 1145 428 69

161 511 263 588 'musa
275 560 323 573 --
336 520 381 588 sic
396 522 483 589 enim
506 521 676 589 lzcnu'cum
697 522 849 611 injuriam
866 519 995 616 appello
1006 561 1054 576 -
1069 538 1144 593 tum

106 685 110 691 -
170 641 291 732 magis,
323 666 422 733 quam
449 647 634 732 pelicano,
660 643 680 709 i.
706 667 733 709 e.
765 642 882 747 dll’lss‘l
915 642 1147 728 Providentia,

64 765 69 771 ’
170 759 282 826 animo
309 760 471 828 obversari
493 757 596 845 solet,
616 785 697 835 cum
720 760 828 853 aliqua
846 786 918 854 spes
940 761 1144 850 ostenditur,

170 902 232 947 nos
251 885 373 948 nostris
389 879 511 948 ez'rz'luar
528 880 684 972 injuriam
705 879 896 975 propulsare
915 905 1019 975 posse.
1070 888 1146 984 Quo

171 998 282 1065 minus
306 999 394 1067 enim
419 998 486 1095 (sit
511 1001 608 1068 venia
632 1000 757 1094 verbis)
794 999 905 1068 divino
932 1000 1054 1069 auxilio
1085 1025 1148 1071 nos

171 1115 316 1208 indigere
344 1118 562 1206 arbitramur,
587 1144 721 1214 quoque
750 1120 854 1212 magis
877 1120 1002 1197 viribus
1026 1120 1149 1190 nostris

96 1230 99 1235 ’
170 1236 383 1320 confidimus,
415 1263 455 1308 eo
485 1238 590 1307 rarius
614 1255 758 1307 mentem
781 1239 871 1307 subit
892 1239 951 1306 Dei
983 1240 1148 1333 cogitatio.

167 1360 311 1433 ¹Contra,
335 1382 412 1425 cum
437 1358 584 1426 humano
609 1356 746 1426 consilio
767 1373 865 1451 atque
885 1359 1010 1426 viribus
1028 1358 1152 1428 huma.

168 1474 222 1543 nis
243 1472 290 1542 nil
309 1475 393 1544 effici
417 1501 512 1569 posse
540 1477 696 1563 videtur,
718 1502 794 1544 cum
814 1502 949 1570 prorsus
973 1476 1152 1547 conclama·

171 1607 205 1660 ta
237 1608 285 1662 est
313 1618 352 1661 ac
374 1594 540 1686 desperata
569 1593 675 1680 salus,
704 1609 777 1663 tum
807 1596 957 1664 omnium
985 1597 1152 1689 bonorum

107 1701 110 1708 ¹
171 1711 295 1798 animi,
321 1727 359 1780 ut
382 1712 416 1778 in
438 1726 573 1805 portum
594 1711 759 1806 aliquem,
783 1713 835 1782 sic
857 1713 896 1782 in
916 1713 1045 1783 coelum
1066 1738 1152 1784 con,-

173 1832 331 1925 fugiunt,
358 1833 559 1926 atque'Vim
586 1831 675 1900 illam
707 1832 878 1921 divinam,
910 1836 1063 1903 omnium
1097 1859 1153 1902 re·-
1197 1866 1201 1889 ι

173 1977 250 2020 rum
274 1952 555 2044 gubernatricem,
577 1950 853 2045 complectuntur.
904 1959 962 2021 Est
977 1953 1065 2022 enim
1085 1955 1151 2024 hoe

174 2071 208 2138 in
230 2084 347 2139 natura
364 2086 476 2139 nostra
498 2072 666 2165 positum,
685 2085 723 2139 ut
741 2072 774 2139 in
799 2071 1017 2175 maximarum
1035 2098 1148 2147 rerum

174 2190 347 2258 amissione
369 2215 553 2284 quaeramus
574 2188 719 2283 aliquid,
750 2191 840 2284 quod
870 2192 965 2261 nobis
988 2190 1152 2287 relinqua·

174 2324 248 2395 tur,
266 2309 355 2404 quod
377 2325 500 2379 tantam
515 2312 673 2396 jacturam
692 2335 903 2402 compensare
921 2310 1046 2403 possit,
1062 2311 1156 2404 quod

173 2431 272 2498 rebus
296 2429 425 2498 caducis
454 2430 605 2521 superius
636 2430 687 2497 sit.
737 2435 780 2496 Et
801 2428 1080 2521 quemadmodum
1108 2455 1155 2499 se·

174 2550 339 2619 cundariae
367 2574 471 2619 causae
497 2547 650 2642 cogitatio
674 2545 773 2615 bilem
803 2562 936 2632 movet,
958 2547 1004 2616 sic
1026 2548 1156 2642 prima-

175 2670 254 2756 riae,
278 2695 296 2737 a
318 2695 383 2763 qua
409 2667 455 2737 nil
471 2668 539 2747 ¹nisi
570 2667 660 2760 quod
684 2667 833 2754 bonum,
864 2682 1013 2755 rectum,
1037 2655 1154 2738 nobis-

176 2814 241 2884 que
266 2789 346 2859 utile
374 2792 433 2876 sit,
462 2787 640 2882 exspectari
662 2801 790 2881 potest,
819 2785 1089 2880 tranquillitatem
1109 2789 1154 2857 al·
1238 2783 1241 2786 ⁴

176 2911 249 2980 sert.
803 2908 805 2912 ⁴

227 3035 259 3116 li.
284 3036 354 3099 Jam
382 3029 408 3099 si
433 3029 506 3122 quis
531 3026 738 3114 recordetur,
757 3026 847 3122 quud
868 3050 967 3120 supra
987 3025 1155 3116 diximus,

176 3151 316 3246 Mystico
345 3150 549 3243 propositam
577 3174 645 3217 esse
667 3148 937 3237 conjunclrbnem
959 3171 1034 3215 eum
1061 3152 1136 3216 Deo
1144 3198 1160 3233 „

174 3272 295 3365 cuique
326 3270 540 3362 perspicuum
567 3293 635 3336 esse
669 3268 832 3353 arbitror,
861 3267 901 3334 ab
927 3264 1000 3353 illa,
1029 3265 1156 3360 deque

174 3390 285 3460 adhuc
313 3388 416 3457 locuti
450 3413 590 3472 sumus,
620 3385 762 3481 religiosi
794 3388 908 3456 sensus
931 3384 1155 3457 commotione

154 3536 278 3606 -quain
299 3509 448 3603 expedita
466 3509 569 3606 sitad
585 3508 825 3602 Mysticismum
851 3507 1048 3601 progressio.
1086 3512 1153 3575 He·

70 3665 76 3677 ’
160 3657 233 3701 mo
261 3630 371 3715 enim,
401 3644 438 3698 ut
464 3629 531 3722 ipse
559 3628 671 3696 animo
702 3642 735 3696 et
766 3652 903 3720 corpore
936 3639 1079 3712 constat,
1109 3626 1160 3695 ite
1189 3668 1192 3673 ·
1267 3710 1271 3717 ἢ

158 3754 262 3820 ¹‘inter
297 3750 461 3820 mundum
487 3745 723 3840 intelligibilem
752 3762 784 3815 et
813 3748 921 3830 bunc,
945 3747 1003 3840 qui
1025 3747 1159 3813 insen-

178 3897 232 3944 sus
259 3873 384 3965 cadit,
400 3867 615 3967 iuterpqsitus
644 3882 702 3939 cst.
752 3874 792 3941 In
820 3880 996 3962 utramque
1026 3880 1158 3967 partem
