2678 4584
347 281 923 354 namts'rlctstto
1086 226 1211 378 513,¹

150 477 260 548 adhuc
291 477 498 574 obtinuerat,
532 474 706 545 deturbata
732 488 801 544 erat
826 480 921 544 Sacra
941 473 1134 570 Scriptura,

150 614 250 692 atque
281 597 358 665 satis
383 597 466 665 benc
491 621 603 665 secum
633 597 687 689 agi
715 595 901 667 existimare
924 583 1135 683 debebat‚'st

152 716 204 786 vel
220 714 331 810 aliquo
351 716 460 785 adhuc
479 714 552 785 loco
580 740 617 784 ac
641 739 782 807 numero
810 714 998 785 haberetur.
1048 720 1147 787 aaut

145 850 223 907 'non
243 851 372 906 tantum
395 835 514 905 divinae
535 835 740 908 auctoritatis
759 837 888 906 honore
907 836 1023 916 orbata
1041 850 1135 925 erat,

153 958 390 1027 verumetiam
413 952 488 1052 plus
511 981 624 1042 noxae,
643 979 744 1056 quam
770 953 921 1030 utilitatis
949 955 1069 1025 habere
1090 955 1138 1024 vi·

150 1076 312 1161 debatur,
337 1075 401 1145 nisi
415 1072 529 1145 multis
546 1074 697 1169 partibus
718 1073 1021 1145 circumcideretur.
1071 1076 1138 1145 Ne·

150 1221 220 1293 que
244 1196 399 1291 fugiebat
417 1193 702 1288 intelligentiores,
733 1219 801 1264 non
829 1209 967 1290 propter
987 1184 1146 1288 singula-⁴

152 1341 223 1386 rem
245 1314 389 1410 aliquam
414 1314 602 1410 argumenti
628 1315 851 1410 praestantiam
873 1315 1052 1410 quicquam
1079 1316 1144 1385 ado
1201 1291 1203 1299 ¹

52 1448 54 1452 '
151 1436 221 1504 huc
241 1433 344 1504 trihui
358 1434 462 1504 Sacris
477 1433 615 1521 Litoris,
634 1433 690 1503 sed
717 1432 834 1528 populi
858 1458 972 1521 causa,
994 1449 1027 1505 et
1043 1434 1138 1530 quod
1232 1460 1237 1473 ·

90 1531 91 1536 ¹
150 1569 246 1626 vetus
262 1553 468 1625 consuetudo
490 1548 662 1623 ita'ferret.
697 1551 877 1647 Religionis
892 1569 1003 1624 autem
1022 1555 1137 1627 docto·

132 1676 204 1745 res
215 1686 424 1742 nontantum
445 1652 514 1741 non
531 1669 801 1759 dissimulabant,
820 1696 855 1741 se
875 1670 1044 1766 religionis
1062 1699 1139 1744 oau-

148 1819 220 1864 sam
231 1793 423 1888 desperare,
434 1809 550 1860 verum
562 1790 682 1877 etiam,
699 1805 737 1858 ut
748 1791 913 1880 diximus,
931 1817 1000 1888 prae
1011 1818 1045 1862 se
1056 1793 1135 1891 fere·

150 1914 240 1983 hant.
291 1912 343 1982 Ab
364 1911 416 1980 his
435 1909 627 1980 doctoribus
650 1907 739 1980 lohes
760 1911 903 2006 pervasit
921 1913 964 1982 ad
981 1914 1135 1984 homines

33 2015 38 2025 ⁷
150 2033 407 2119 honoratioreS,
438 2031 563 2126 quippe
597 2031 657 2125 qui
689 2028 826 2101 illorum
855 2033 979 2128 scripta
1013 2035 1135 2130 cupide

148 2151 342 2226 lectitarent.
398 2152 511 2222 Deseri
541 2163 714 2246 coeperunt
744 2149 876 2246 templa.
928 2152 1046 2226 Cultfis
1077 2156 1133 2238 di·

146 2273 216 2345 tini
234 2286 439 2362 contemtum
462 2271 567 2344 secuti
595 2285 674 2340 sunt
699 2295 808 2341 mores
829 2272 991 2354 dissoluti.
1130 2361 1132 2369 Ι

197 2399 236 2462 [ιι
261 2392 378 2462 mediis
399 2389 462 2460 illis
480 2390 587 2460 turbis
603 2404 718 2459 exorta
732 2406 784 2461 est
805 2391 1021 2488 Philosophia
1042 2401 1132 2467 Kan-

147 2512 252 2600 tiana,
284 2512 326 2580 de
353 2520 517 2606 quacum
540 2523 653 2602 postea·
677 2509 811 2579 uberius
833 2511 937 2582 simus
955 2515 1130 2608 expositu-

146 2634 198 2719 ri,
226 2656 316 2710 nunc
342 2630 455 2726 paucis
477 2630 704 2722 defungamur.
755 2630 906 2701 Primum
934 2630 990 2703 illa
1014 2633 1131 2732 philo-

148 2753 265 2848 sophia
291 2750 561 2847 parumeurari,
586 2764 659 2819 tum
686 2749 845 2845 paulatim
871 2755 995 2823 attendi
1019 2781 1057 2826 ac
1077 2783 1129 2827 re·
1183 2820 1185 2824 .

147 2873 257 2970 spici,
289 2871 431 2966 denique
457 2895 535 2941 cum
569 2869 726 2963 religione
753 2853 937 2943 Christiana
968 2858 1129 2971 conjungi

91 3005 94 3009 '
147 3006 182 3061 et
201 2991 394 3086 comparari.
444 2997 522 3060 Haec
543 2990 736 3076 conjunctio
761 2991 909 3085 primum
927 3017 967 3062 eo
984 2992 1128 3084 valebat,

112 3170 114 3174 .
150 3127 209 3198 ut,
235 3111 393 3206 quicquid
422 3135 489 3181 una
509 3111 702 3181 auctoritate
729 3109 840 3180 divina
864 3112 1025 3182 niteretur
1040 3114 1128 3212 (po-

148 3231 318 3326 ratitum),
345 3230 379 3298 id
403 3231 445 3300 ab
475 3229 575 3320 hujus
605 3227 771 3322 religionis
801 3231 953 3302 doctrina
980 3259 1128 3331 semove-

149 3365 263 3436 retur,
299 3365 399 3444 atque
436 3336 547 3424 totum
581 3349 651 3444 ejus
687 3367 923 3446 argumentum
958 3355 1000 3425 ad
1038 3355 1129 3431 illiue

148 3468 367 3564 philosophia
401 3469 629 3545 auctoritatem
644 3488 920 3566 componeretur.
981 3482 1127 3551 Tantum
1192 3516 1196 3567 3
1232 3489 1235 3495 '

56 3589 59 3596 ’
110 3677 115 3693 .
148 3589 250 3692 igitur
269 3590 401 3678 aberat,
420 3605 458 3660 ut
479 3589 687 3661 hortatione
709 3591 825 3663 Literis
846 3572 951 3664 Sacris
968 3599 1127 3692 antiquus

145 3733 227 3780 suus
246 3712 475 3786 restitueretur
494 3712 619 3799 honos,
636 3726 674 3782 ut
688 3711 759 3784 haec
778 3713 987 3811 philosophia
1007 3720 1129 3791 confir-

146 3854 238 3938 mare
270 3831 370 3907 etiam
398 3831 566 3907 videretur
601 3826 763 3930 judicium
792 3859 934 3926 eorum,
954 3839 1027 3936 ‚qui
1053 3841 1137 3938 jung·
