2678 4584
378 328 435 376 nn
476 303 956 379 MYSTIC'ISMO.
1110 300 1160 379 35

226 485 346 571 Omnis
367 514 478 569 autem
502 498 573 568 bec
595 497 775 592 disputatio
798 498 948 570 bifariam
966 495 1164 570 distribuen-

43 712 50 724 ·
179 618 223 690 du
245 619 342 689 nobis
364 618 505 689 videtur.
555 615 715 712 Theologi
740 617 828 690 enim
854 615 902 688 illi
926 632 1025 712 utque
1048 616 1162 688 Philo»

183 740 304 835 aopbi‚
335 738 523 832 dequibus
547 740 728 833 queritur,
751 736 803 808 vol
828 753 867 809 ut
891 740 1043 807 domines
1066 762 1164 833 speon

182 860 247 931 tari
276 872 433 954 possunt,
462 859 629 953 aquibus
653 856 738 927 nibil
762 856 901 928 bomani
925 856 1070 927 alienum
1094 858 1168 947 eit,¹

183 978 237 1051 uel
261 994 299 1048 ut
323 978 476 1049 homines
499 978 602 1048 docti.
652 979 738 1050 Hinc
760 978 830 1047 duo
852 977 1010 1048 constitui
1043 1001 1166 1072 genere

182 1121 356 1174 causarum
386 1107 543 1193 possunt,
571 1098 736 1192 aquibus
758 1097 864 1167 no'stri
888 1098 1047 1192 temporis
1070 1103 1172 1193 Myra.

182 1220 331 1291 ticismus
355 1218 524 1313 proiectus
546 1219 607 1303 sit,
630 1215 772 1287 alterurn
797 1218 1062 1303 murratum,
1085 1216 1167 1288 ulte·

182 1362 260 1410 rum
290 1339 522 1435 singularium.
584 1343 699 1407 Causae
730 1335 938 1408 universales
970 1336 1012 1405 ad
1046 1360 1168 1409 cmm

181 1457 370 1529 bominum·
384 1458 536 1545 ordines,
564 1457 712 1551 adeoque
734 1457 915 1525 adductos
936 1458 1034 1527 etium
1058 1430 1168 1528 borial-¹
1193 1452 1196 1457 ’

181 1596 240 1649 nes
263 1579 452 1672 pertinent,
477 1591 576 1670 atque
594 1575 738 1644 afferunt
758 1575 924 1669 quandam
942 1576 983 1644 ad
1003 1574 1165 1670 Mystici'u·

182 1723 278 1768 mum
312 1695 589 1791 propensionem:
622 1695 814 1789 singulm
845 1713 950 1762 ouuuae
989 1695 1167 1766 doctorum

182 1819 361 1891 bominum
381 1813 561 1912 peculiares
585 1829 681 1902 sunt,
703 1815 830 1911 quippe
857 1815 974 1910 positae
993 1815 1030 1885 in
1046 1816 1173 1910 singu-⁵¹
1245 1891 1250 1900 ,

180 1937 243 2009 lari
273 1937 384 2032 aliqua
416 1934 606 2030 Theologin
634 1942 692 2004 aut
723 1933 945 2030 Philosophiae
977 1934 1170 2031 disciplina,

184 2083 259 2154 quae
280 2057 392 2152 aliquo
413 2071 563 2153 tempore
588 2054 779 2152 prevaleat,
800 2071 900 2152 utque
920 2081 992 2126 eam
1016 2056 1084 2127 vim
1109 2057 1169 2129 ba·
1253 2124 1255 2128 .

183 2178 278 2266 beat,
311 2193 351 2247 ut
384 2175 475 2246 illam
512 2177 769 2273 propensionem
804 2189 922 2271 augeat
948 2190 981 2246 et
1013 2175 1168 2272 adjuvet,

186 2312 287 2393 atque
315 2296 518 2392 Mysticismo
546 2311 669 2367 certam
690 2294 834 2391 aliquem
851 2321 890 2365 uc
907 2296 1075 2366 definitam
1100 2298 1168 2367 for·

84 2428 90 2439 ‘
189 2443 279 2488 mum
302 2418 434 2488 tribuat.
484 2423 553 2487 Nou
584 2417 720 2512 quidem
755 2415 798 2484 de
821 2429 965 2509 utroque
993 2440 1168 2488 causarum

186 2561 325 2633 genere,
358 2537 469 2632 quoad
495 2537 565 2632 ejus
588 2536 660 2606 fieri
679 2534 817 2631 poterit,
840 2535 985 2604 brevitet
1008 2534 1110 2606 simul
1129 2558 1170 2609 uo

80 2706 84 2717 ·
187 2660 358 2754 perspicue
375 2658 534 2727 dicamus.

234 2785 342 2867 Quam
368 2776 478 2847 ta'men
504 2802 575 2847 rem
602 2791 780 2872 antequam
815 2777 969 2872 agamus,
996 2777 1061 2847 hoc
1092 2775 1169 2848 loon

186 2896 311 2992 aliquid
338 2897 543 2967 monendum
573 2911 644 2983 est,
675 2897 767 2991 quod
797 2921 816 2967 a
847 2896 1033 2998 lectoribus¹
1063 2898 1170 2992 probe

188 3021 355 3089 memorie
382 3016 529 3086 mandari
557 3014 667 3087 veliin
717 3021 801 3086 Cum
826 3014 925 3111 paulo
949 3031 1025 3086 ante
1048 3016 1174 3112 nynia

187 3139 289 3209 ciemi'
310 3150 462 3206 naturam
486 3133 743 3230 explicaremus,
770 3150 868 3230 atque
893 3159 934 3206 ex
955 3135 1172 3232 iptisMyutie·
1208 3196 1212 3205 .

187 3275 304 3330 corum
323 3244 536 3352 scriptis'loca
552 3278 815 3351 apponeremus,
833 3280 924 3351 quae,
940 3277 1039 3351 quarn
1058 3255 1172 3329 lateett

189 3379 284 3450 notio
294 3393 440 3472 pateret,
457 3375 677 3464 declararent,
689 3378 834 3446 uidimus
848 3376 1088 3473 Mysticirmum
1100 3394 1169 3456 tunt

187 3499 231 3568 ad
242 3498 459 3593 phantasiam,
469 3510 569 3592 quarn
585 3497 626 3566 ad
639 3516 771 3566 sensum
783 3498 897 3566 referri
907 3519 1003 3592 posse
1009 3550 1021 3584 ‚
1033 3500 1172 3592 ejusque

187 3642 255 3689 non
275 3631 406 3689 tuntum
424 3641 497 3685 earn
516 3617 583 3687 uim
602 3628 694 3705 esse,
714 3632 751 3686 ut
771 3616 907 3687 antinus
928 3619 1119 3687 immediate
1139 3624 1177 3689 ud
1205 3673 1212 3684 .

156 3750 165 3771 ⁶
189 3737 306 3813 &uuita
314 3736 514 3833 afficimur,
530 3761 645 3808 rerum
663 3737 760 3808 etium
771 3790 783 3824 ‚
795 3753 832 3806 ut
844 3735 944 3806 domo
962 3743 1083 3808 mentis
1092 3752 1174 3809 octt·
