2678 4584
216 316 288 405 me
439 280 939 435 ‘nrsrnrnrro

213 524 319 619 inagis
350 519 544 613 invalescat,
580 548 620 596 eo
656 526 852 597 deteriorem
891 524 962 598 lieri
996 522 1195 623 Mysticisml

211 666 343 714 eausam
376 668 505 713 necesse
527 657 586 715 est.
614 683 658 698 -
680 646 769 733 Quid
800 644 935 714 alteram
959 642 1047 715 illam
1072 647 1187 742 Mysti-

172 790 190 849 ξ.
209 760 304 832 ὀῐεηιί
327 786 457 832 causam
486 762 617 852 dicam,
640 761 685 832 'in
709 771 881 833 communi
904 768 1096 834 Germanioe
1119 789 1187 836 ca-

207 877 363 950 lamitate
396 882 568 977 pbsitaml
615 882 758 952 Vixdum
792 881 955 977 perlatum
990 898 1078 969 erat,
1103 909 1184 979 per-

130 1022 136 1029 ·
207 998 368 1070 domitam
410 1025 479 1071 esse
511 1002 546 1072 in
588 1003 704 1071 Russia
745 1000 962 1072 scelestissimi
995 1001 1185 1096 gladiatoris

183 1116 390 1208 ·lerociam,
425 1145 500 1190 cum
544 1125 784 1191 Germanorum
823 1122 923 1190 animi
952 1120 993 1190 ad
1024 1120 1184 1193 libertatis

208 1239 446 1333 recuperandae.
472 1264 564 1335 spem
597 1241 851 1311 exardescerent.
899 1246 1046 1337 Pugnate
1068 1260 1183 1336 pugna

207 1357 383 1454 Lipsiensis
413 1372 483 1446 est,
514 1362 608 1450 cujus
640 1360 747 1428 exitus
774 1374 808 1428 et
841 1360 1021 1430 Germaniae
1048 1374 1082 1428 et
1105 1363 1182 1429 uni·

208 1492 309 1551 'versae
339 1485 481 1574 Europe
512 1478 648 1550 salutem
673 1479 793 1550 attulit.
843 1482 945 1571 Cujus
975 1479 1074 1573 igitur
1097 1478 1182 1553 cala·

206 1598 332 1670 mitatis
365 1598 415 1670 vis
447 1598 624 1669 hominum
658 1598 785 1670 animos
816 1600 857 1669 ad
887 1625 959 1671 eam
987 1600 1180 1686 tristitiam,

207 1744 283 1814 quae
305 1719 499 1819 Mysticismi
522 1717 657 1815 propria
678 1734 751 1807 est,
769 1734 1020 1813 composuerat,
1038 1721 1075 1788 ea
1091 1743 1183 1788 nunc

206 1838 366 1934 depulsi,
400 1838 569 1933 probabile
603 1864 673 1908 non
706 1853 775 1924 est,
808 1839 918 1932 ipsum
943 1838 1183 1934 Mysticismum

85 2029 87 2032 Α
208 1956 401 2028 diuturnam
425 1956 632 2028 stabilitatem
656 1980 725 2028 esse
749 1957 952 2027 habiturum.

256 2081 289 2164 4.
315 2084 473 2165 Quartam
498 2100 627 2146 causam
660 2076 803 2170 petimus
838 2076 879 2143 ab
902 2075 1004 2167 ipsius
1029 2073 1183 2168 pbiloso-

195 2196 296 2291 phiae
327 2195 587 2288 Schelb‘ugianae
622 2191 730 2262 indole
764 2218 801 2262 ac
824 2206 943 2262 natura
977 2194 1117 2280 caduca,
1143 2208 1183 2265 ut

208 2314 305 2386 nobis
339 2314 488 2402 videtur,
520 2329 553 2384 et
587 2314 622 2384 in
654 2313 784 2383 ruinam
812 2338 928 2407 prona.
977 2319 1054 2385 Haec
1076 2313 1183 2409 philo-

192 2433 324 2532 -soplria
335 2486 346 2521 ,
370 2459 431 2529 per
465 2422 500 2504 se
529 2426 721 2530 Mysticisml
755 2434 900 2523 adjutrix
922 2448 956 2504 et
979 2434 1183 2505 commenda·

134 2636 137 2640 μ
204 2555 298 2644 trix,
332 2555 381 2625 in‘
405 2551 488 2624 illud
521 2567 654 2649 tempus
689 2553 824 2642 incidit,
858 2578 946 2648 quo,
980 2555 1078 2624 etiam
1112 2553 1182 2624 sine

204 2673 302 2773 ¹omni
332 2671 563 2769 philosophia,
594 2697 714 2768 magua
736 2688 806 2743 erat
829 2672 1017 2743 animorum
1041 2673 1075 2743 in
1099 2678 1184 2768 Mys·
1269 2690 1273 2698 ’

209 2793 377 2866 ticismum
400 2791 589 2886 propensio.
612 2846 618 2853 .
638 2798 720 2879 Quae
744 2806 782 2861 ut
811 2792 941 2888 egregia
963 2806 1032 2862 erat
1057 2792 1184 2862 doctri-

125 2982 127 2986 ,
205 2920 263 2987 'ne
291 2912 552 3008 Schellt'ngt'anoe
584 2911 732 2998 occasio,
767 2912 811 2980 ita
844 2886 1183 3008 illius‘propensioni's

208 3032 335 3121 causis,
371 3046 410 3102 ut
442 3030 607 3117 vidimus,
644 3029 712 3098 fere
745 3027 903 3119 sublatis,
939 3029 996 3099 illa
1034 3030 1189 3107 doctrina*

53 3194 55 3199 .
129 3241 132 3247 .
208 3176 328 3246 magna
358 3149 654 3221 commendationis
676 3163 769 3243 parte
786 3149 928 3242 ¹privata
960 3163 1019 3219 est.
1069 3156 1184 3244 Ipsum

208 3285 320 3341 autern
344 3273 446 3360 hujus
468 3267 689 3365 philosophia
721 3283 956 3362 argumentum
978 3269 1007 3341 si
1032 3270 1185 3343 conside-

160 3419 163 3423 ·
193 3415 338 3476 remus,
373 3388 492 3484 ecquid
530 3388 663 3457 tandem
703 3385 758 3456 illa
797 3387 919 3478 habet,
955 3413 1023 3484 quo
1057 3390 1117 3460 diu
1147 3413 1183 3459 sc

208 3511 296 3583 tueri
319 3507 458 3606 possit?
503 3511 580 3578 Non
597 3508 798 3603 querimus,
824 3531 924 3602 quarn
947 3534 1024 3579 vera
1047 3508 1091 3580 sit
1114 3508 1185 3578 lsaec
1282 3506 1286 3513 “

209 3631 379 3718 doctrina,
413 3627 470 3697 sed
506 3650 606 3721 quam
642 3652 733 3723 spem
771 3627 888 3696 habeat
926 3625 1187 3698 diuturnitatis?

193 3750 433 3821 -Concedamus
463 3747 582 3835 etiam,
612 3747 639 3817 si
670 3747 740 3818 baec
770 3745 980 3842 philosophia
1002 3746 1183 3835 interierit,

208 3871 315 3970 ipsam
343 3868 513 3944 veritatem
545 3890 616 3939 esse
644 3866 861 3941 interituram
872 3928 882 3944 „
911 3860 1003 3935 Nihil
1030 3863 1074 3949 ad
1095 3888 1185 3963 praa
