2678 4584
188 268 243 400 596
395 303 960 373 :nascaris-10·-

188 497 253 587 :sds
283 496 482 592 imperium,
506 510 546 564 ut
567 496 612 564 ita
633 495 758 582 dicam,
780 493 1173 590 dilatari-etamplificari
1291 573 1294 577 ,

187 616 326 688 -uecesse
348 631 407 686 est.
457 615 519 686 sed
538 612 728 686 faciundum
747 629 819 704 est,
840 629 887 684 ut
910 614 962 686 via
987 640 1026 685 ac
1045 616 1173 686 ratione

188 734 349 832 procedat
375 736 564 829 disputatio.

187 896 192 902 ·
243 861 365 925 Karatai
388 854 492 942 liber,
519 879 620 950 quem
649 853 751 950 paulo
776 869 852 925 ante
886 835 1173 946 memoravimus,

187 1002 270 1055 cum
300 976 447 1073 primum
478 975 513 1044 in
541 973 648 1046 lucem
675 990 760 1047 esset
783 976 919 1064 editus,
946 977 1036 1070 Rigae
1068 977 1171 1072 1781.

191 1108 229 1173 a',
244 1096 350 1165 doctis
377 1095 568 1165 hominibus
599 1120 719 1190 parurn
746 1096 933 1169 curabatur.
967 1099 1092 1195 ”Cujus
1123 1095 1172 1165 rei

183 1241 297 1286 causa·
316 1216 437 1310 partim
456 1219 498 1284 in
510 1215 680 1286 sermonis
692 1215 773 1284 ‘sire
794 1216 946 1286 novitate
966 1216 1033 1286 sive
1054 1216 1172 1286 obscu-

184 1338 288 1405 zritate
305 1352 383 1419 erat
402 1335 526 1430 posita,
553 1336 675 1430 partim
696 1335 731 1403 in
755 1335 828 1429 ipso
849 1349 1055 1429 argumento.
1105 1335 1172 1405 Alii

81 1451 88 1475 “
185 1481 259 1524 non
289 1454 458 1550 legebant,
484 1454 539 1524 alii
570 1453 714 1549 legentes
744 1479 813 1523 non
844 1453 1086 1550 intelligebant,
1115 1453 1170 1524 alii

183 1574 409 1669 intelligentes
447 1576 502 1646 vix
534 1572 645 1668 aliquo
679 1573 789 1643 studio
830 1578 950 1643 novam
984 1575 1170 1645 doctrinam

182 1694 322 1789 dignam
347 1696 594 1790 existimabant,
618 1694 741 1789 quippe
766 1719 841 1788 quae
861 1695 988 1764 usitatae
1011 1697 1171 1790 probatae·

141 1894 146 1905 ,
187 1841 255 1910 que
275 1815 494 1910 philosophiae
515 1815 646 1883 ruinam
670 1814 901 1900 minitaretur,
920 1829 1019 1909 atque
1035 1840 1077 1883 ne
1097 1816 1170 1903 fun-

96 1946 99 1955 ’
188 1936 351 2004 damantis
383 1934 517 2029 quidem
548 1944 712 2027 parceret,
743 1933 940 2002 firmissimis
973 1932 1038 2002 illis
1068 1952 1168 2028 atque

62 2064 64 2082 '
183 2056 230 2124 ab
256 2056 325 2150 ipsa
353 2069 470 2124 natura
491 2053 594 2151 jactis.
645 2052 707 2122 Sed
735 2054 887 2141 tandem,
922 2068 960 2121 ut
990 2054 1061 2122 fieri
1082 2079 1168 2124 asso·

184 2173 252 2260 let,
278 2175 381 2243 indies
404 2198 520 2242 rumor
543 2171 641 2240 latius
667 2173 826 2266 serpebat.
882 2177 957 2242 Non
982 2171 1099 2268 loquar
1123 2175 1165 2244 de
1210 2175 1212 2179 ’

175 2295 379 2384 ιΙιοῐηίιιίὶηιε
405 2291 575 2380 clamosis,
600 2293 695 2362 brevi
728 2292 835 2362 raucis
861 2292 953 2363 factis
976 2308 1010 2363 et
1041 2295 1166 2365 obmu-

182 2415 402 2484 tescentibus:
430 2413 494 2508 ipsi
522 2413 576 2481 Dii
594 2413 730 2482 excitati
761 2427 861 2500 sunt,
885 2411 943 2482 tali
972 2415 1102 2508 gigante
1128 2440 1165 2486 se

186 2533 341 2605 movente
371 2548 405 2602 et
435 2511 565 2601 coelum
581 2519 796 2621 -attentante',
820 2535 1044 2604 Mendelulem
1068 2536 1164 2625 dico,

184 2654 390 2738 secobiam,
422 2652 683 2739 Eberhardum,
727 2653 917 2741 Feriarum,
956 2656 1162 2744 Herdentm,
1233 2663 1235 2666 ’

180 2765 286 2861 alios,
301 2796 454 2868 quorum
470 2769 620 2865 exemplo
636 2785 670 2839 et
690 2773 882 2844 auctoritate
904 2774 1024 2845 factum
1039 2789 1090 2843 est
1097 2789 1164 2873 ,sut

8 2898 15 2920 ‘
78 2955 81 2977 ,
185 2919 270 2964 nova
292 2891 347 2961 illa
362 2907 396 2961 et
416 2890 562 2960 inaudita
582 2889 837 2986 philosophandi
857 2893 940 2961 ratio
964 2891 1063 2986 paulo
1086 2876 1163 2988 post

58 2998 71 3035 ⁷
185 3014 445 3108 perductorum
472 3011 650 3081 hominurn
670 3036 736 3080 ora
765 3009 918 3082 volimret
940 3026 1041 3106 atque
1063 3039 1163 3085 cunc·

184 3147 252 3202 tam
278 3147 502 3203 commoveret
525 3106 755 3202 Germaniam.>⁴

232 3255 332 3341 Quod
355 3279 454 3347 snpra
475 3252 516 3321 de
536 3249 715 3346 disciplinae
737 3248 928 3342 theologicae
947 3253 1161 3325 conversione

182 3372 343 3458 diximus,
368 3397 439 3440 eam
455 3371 525 3441 aliis
545 3371 723 3466 placuisse,
741 3371 812 3440 aliis
832 3370 1052 3465 displicuisse,
1072 3374 1159 3444 idem

128 3548 131 3555 ,
182 3491 402 3589 philosophiae
432 3493 612 3561 Kantianae'
630 3481 783 3572 accidisse
813 3498 950 3563 constat.
1002 3498 1070 3563 Nos
1098 3495 1160 3588 igi·

149 3644 151 3648 ⁴
181 3629 260 3700 tur,
295 3636 372 3682 cum
408 3613 473 3679 hoc
506 3635 669 3704 agamus,
703 3625 741 3681 ut
776 3603 996 3706 intelligatur,
1029 3615 1063 3681 in
1097 3613 1159 3684 hac

78 3737 82 3744 “
181 3724 332 3803 doctrina
362 3730 458 3828 quale
488 3718 717 3832 quantumque
739 3732 929 3827 praesidium
953 3732 1158 3825 Mysticimus

181 3854 316 3942 lrabeat,
341 3852 562 3949 primum'dc
577 3852 676 3947 hujus
700 3852 835 3925 rationis
843 3836 1156 3954 ‘reprehensoribus
1255 3888 1257 3894 ¹
