2678 4584
385 304 443 356 nn
484 284 966 376 utsutctsuu
1071 310 1157 384 '¹9¹

170 480 332 565 ationem,
358 480 466 548 omnis
490 491 604 546 nostra
616 475 781 572 tripartita
804 476 847 546 sit
859 476 1037 574 disputatio
1053 495 1165 551 neces-

177 624 223 670 ·se
245 613 304 670 est.
354 605 501 671 Primum
525 595 730 684 videbimus,
755 596 907 668 universa
930 596 986 667 illa
1003 598 1166 691 absolutae
1275 582 1278 587 ⁵

173 721 377 832 aldentuatis
406 717 573 805 doctrina,
587 700 591 707 ¹
605 716 899 813 quam‘superiori
922 719 1034 814 Capite
1057 718 1166 816 expli-

176 840 336 927 ¹suimus,
372 853 488 908 utrum
521 835 689 930 religionis
722 836 921 932 virtutisque
952 862 1057 909 causae
1083 838 1164 935 plus

174 957 403 1029 emolumenti
435 983 478 1026 an
509 955 699 1026 detrimenti
733 955 874 1027 alferat?
927 959 1059 1029 Denda
1088 985 1169 1055 age-
1213 1040 1215 1042 ,
1264 1054 1267 1058 Ὶ

98 1099 100 1103 ·
171 1104 264 1148 -mns
287 1079 328 1148 de
350 1075 511 1170 religione
535 1076 571 1146 in
594 1076 711 1171 poesin
732 1079 900 1151 conversa
948 1083 1102 1174 Detu'qtoe
1124 1081 1167 1181 de

170 1197 420 1270 ·Catholicismo
445 1195 696 1290 disputabimus.

173 1373 177 1381 .
234 1323 260 1388 Ι.
286 1318 437 1386 Primum
468 1314 572 1410 igitur
602 1312 685 1384 illud
713 1313 904 1404 videamus,
936 1315 1089 1407 universa
1111 1316 1170 1391 illa

178 1434 346 1507 absolutae
369 1437 562 1507 Identitatis
582 1433 751 1522 doctrina,
774 1460 858 1530 vquae
881 1435 994 1530 Capite
1017 1433 1173 1531 supe'rio-

104 1584 118 1592 ··
187 1558 217 1626 ri
241 1582 261 1624 a
284 1554 553 1649 nobis'exposita
575 1567 648 1641 est,
674 1568 790 1623 utrum
815 1557 931 1650 subpte
955 1558 1075 1626 natura
1097 1555 1170 1627 reli·

187 1674 301 1769 gionis
316 1672 523 1767 ¹virtutisque
546 1696 652 1743 causae
675 1671 782 1767 prosit
804 1697 847 1742 an
876 1672 991 1743 obsiti
1038 1680 1077 1743 In
1102 1698 1176 1768 quo

166 1796 256 1864 «boc
280 1783 493 1862 animadverti
517 1791 634 1880 debet,
656 1794 684 1861 si
705 1791 801 1861 nobis
824 1790 925 1887 buj'us
940 1792 1001 1863 rei.
1005 1791 1170 1888 judicium
1279 1776 1281 1780 v

175 1911 318 1983 :nullam
354 1913 592 1983 dubitationem
627 1910 748 1981 habere
781 1910 940 1998 videtur,
970 1936 1172 2008 nonaque

192 2028 284 2104 facile
314 2058 384 2103 esse
415 2048 562 2103 nostram
579 2032 788 2126 ,senteutiam
816 2029 1060 2125 schellingianis
1091 2059 1172 2128 per-

188 2155 335 2226 suadere.
397 2134 582 2248 Loquimitr
616 2152 659 2223 de
689 2152 813 2233 virtute
845 2177 883 2223 ac
914 2152 956 2223 de
989 2152 1171 2250 religione3

69 2283 73 2293 '
180 2275 313 2368 quibus
346 2267 483 2344 vocibus
511 2272 541 2340 si
575 2270 624 2341 illi
658 2269 828 2366 vulgarem
858 2286 892 2341 et
922 2273 1075 2344 usitatam
1100 2275 1170 2346 vim

188 2393 409 2483 subjicerent,
444 2389 535 2461 facile
569 2390 789 2460 vincerentur.
838 2395 937 2461 Nunc
966 2417 1069 2481 vero,
1092 2380 1178 2479 cumx
1231 2430 1235 2437 ¹

194 2511 243 2579 illi
272 2512 429 2580 misceant
452 2508 610 2604 quadrata
633 2509 806 2594 rotundis,
832 2533 910 2579 oum
932 2534 1005 2580 eam
1028 2513 1089 2582 Dei
1112 2539 1176 2585 no-

193 2631 319 2701 tionem
343 2630 543 2717 informent,
568 2628 708 2724 quaeab
731 2627 909 2738 hominum
932 2655 1083 2701 sermone
1100 2631 1173 2705 lon·

185 2752 325 2846 gissime
360 2751 509 2839 recedat,
544 2774 623 2819 cum
657 2746 842 2844 libertatem
876 2775 915 2845 ac
947 2727 1171 2835 necessitatem

195 2872 283 2940 idem
313 2871 494 2964 significare
525 2870 650 2957 dicant,
679 2894 751 2938 eam
774 2895 874 2958 vero,
898 2895 999 2964 quam
1024 2897 1085 2941 nos
1109 2898 1172 2968 ap-

180 2990 377 3086 pellemus,
408 2991 594 3067 libertatem
626 2988 712 3067 nihil
747 3015 816 3063 esse
844 2990 1065 3079 contendant,
1090 3018 1169 3077 cnm

194 3134 267 3179 enm
304 3113 462 3182 inducant
490 3107 791 3193 immortalitatem,
828 3133 901 3203 quae
926 3111 1081 3181 omnibus
1105 3091 1171 3183 hoss
1231 3208 1232 3212 Ἰ

197 3230 364 3318 minibus,
394 3245 512 3326 praeter
542 3230 723 3325 Mysticos,
743 3229 851 3298 abitus
875 3229 911 3299 in
934 3229 1078 3302 nibilum
1102 3258 1172 3306 esse

196 3351 371 3439 audeatur,
406 3376 549 3446 cumque
583 3351 619 3420 in
649 3337 720 3418 aliis
753 3346 907 3444 plurimis
940 3351 1039 3422 rebus
1072 3346 1172 3427 usum

180 3467 354 3568 loquendi
377 3486 586 3566 pervertant3
609 3469 682 3540 fieri
706 3494 775 3539 non
798 3484 928 3564 potest,
951 3486 992 3541 ut
1013 3475 1172 3546 Schellin·

192 3596 273 3685 gius
297 3592 432 3686 ejusque
456 3604 630 3659 sectatores
654 3589 916 3660 adversariorum
941 3592 1088 3662 oratione
1106 3618 1174 3666 mo·

185 3725 357 3803 humatur,
382 3690 671 3808 quandoquidem,
696 3735 774 3804 cum
797 3712 932 3807 utrique
955 3710 1070 3785 iisdem
1094 3739 1171 3788 ver-
