2678 4584
381 272 968 359 srur.·s·rrcrsuo
1056 230 1165 353 ”aas

56 494 58 501 ’
142 495 279 581 πυτ,
307 486 381 570 et,
390 481 426 550 si
445 470 581 601 oemio
617 479 671 549 sit
679 492 750 549 Ἰιω
745 492 839 571 ‘spes
842 461 1018 619 salutist
1030 471 1169 544 fortiter

171 599 370 698 propellant
396 602 433 696 (n
433 601 460 696 )·.
522 622 526 631 ·
830 646 833 659 .

236 720 446 791 Satisseoisse
458 719 555 793 nobis
571 718 757 797 ‘ridemur
763 714 834 786 illltt
827 713 1035 811 quaestionis
1050 711 1170 808 parti,

111 898 114 906 .
181 843 453 937 Sclzellt'ngianus
486 841 544 912 ille
570 865 608 912 ac
636 841 786 953 poeticus
804 835 1047 955 Mysticismus
1062 832 1172 953 prosit

158 988 226 1032 an
263 956 349 1032 obsit
388 950 601 1056 religionis
603 987 640 1032 ac
685 958 819 1032 virtutis
866 944 1009 1027 causae?¹
1056 959 1172 1048 Neque

172 1083 272 1155 &nim
288 1096 425 1153 necesse
449 1097 546 1152 ess'e
542 1083 743 1169 duximus—,³
738 1092 810 1150 uti»
824 1079 958 1150 uirtutis
987 1090 1123 1146 oausam
1153 1097 1173 1141 a

172 1202 343 1295 religione
360 1203 664 1297 disjungeremus,
693 1206 798 1295 atque
816 1200 861 1267 de·
887 1210 1028 1290 utraque
1036 1194 1172 1288 'singu'-

116 1340 119 1348 '
182 1320 276 1395 latim
303 1323 547 1392 dissereremus.
597 1327 681 1392 Nam
705 1327 793 1408 Vos,
829 1317 900 1389 Viri
934 1313 1172 1401 eruditissimi,

184 1467 262 1512 cum
297 1445 383 1511 hano
411 1443 601 1536 quaestionis
629 1455 756 1536 partem
783 1436 976 1535 poneretis,
1005 1433 1089 1505 illud
1116 1458 1172 1504 su·

184 1563 352 1650 mebatis,
392 1561 560 1658 religionis
583 1587 636 1631 *ac
672 1559 805 1631 virtutis
835 1558 1062 1629 ‘arctissimam
1101 1579 1172 1626 esse

185 1683 475 1777 conjunctionem,
503 1698 542 1753 ut
564 1681 665 1752 altera
689 1681 894 1767 labefactata,
917 1677 1052 1747 alteram
1070 1676 1170 1745 etiam

186 1802 423 1872 detrimentum
464 1828 578 1898 capere
611 1826 742 1873 neeesse
780 1801 835 1872 sit.
895 1797 994 1887 Quod
1029 1811 1063 1866 et
1104 1819 1171 1890 ego

185 1922 396 1992 verissimum
421 1947 491 1993 esse
516 1924 716 2012 arbitratus,
747 1936 924 2014 utramque
954 1917 1067 1989 eadem
1096 1939 1174 1987 sum

184 2042 408 2137 disputatione
440 2043 653 2138 complexus,
693 2042 739 2114 ita
776 2057 909 2129 tamen,
941 2053 979 2108 ut
1014 2039 1055 2107 de
1093 2034 1171 2106 reli·

184 2163 285 2256 gione
323 2164 487 2258 praecipue
503 2206 506 2219 ι
525 2164 706 2252 dicerem,
724 2163 849 2259 quippe
885 2160 926 2229 de
963 2184 1030 2254 qua
1055 2156 1172 2252 impri-

186 2283 252 2354 mis
283 2297 495 2375 quaereretur.
558 2289 673 2379 Itaque
708 2283 754 2353 sic
786 2283 947 2352 rationem
984 2276 1170 2365 concludo,

141 2396 144 2402 “
187 2413 350 2493 quantum
373 2400 464 2468 hunc
482 2401 722 2494 Mysticismum
752 2400 924 2493 religioni,
949 2414 1079 2466 tautum
1104 2396 1170 2465 uir·

185 2517 252 2591 tuti
291 2517 430 2587 noxium
452 2500 541 2589 ¹esse.
608 2521 642 2590 si
674 2533 786 2589 autem
825 2519 967 2588 aliorum
1008 2541 1085 2585 vera
1119 2529 1170 2586 est

222 2922 268 2996 (n)
288 2928 367 2981 Neue
383 2928 504 2991 Kircde,
520 2946 551 2998 p.
568 2927 611 2980 43.
649 2943 666 2976 a
685 2927 734 2981 Ibr
757 2925 824 2979 habt
849 2944 876 2977 es
894 2925 1004 2995 geseben
1022 2962 1030 2990 ,
1049 2923 1170 2974 Fiirsteu

186 3033 205 3070 a
223 3019 271 3070 des
288 3020 533 3086 protestantiscben
551 3020 768 3085 Deutschlends,
788 3021 843 3071 und
862 3037 912 3072 vor
925 3021 995 3070 allen
1011 3016 1073 3081 Du,
1094 3016 1170 3071 edler

185 3127 203 3160 u
222 3111 358 3179 gerechter
384 3113 472 3182 Konig
499 3114 547 3166 der
573 3115 663 3166 sreien
688 3115 839 3178 Preuszen,
867 3114 916 3165 wie
941 3113 991 3165 der
1009 3113 1170 3164 Protestan-

188 3220 205 3252 a
225 3205 316 3256 tismus
340 3225 373 3256 zu
399 3207 549 3275 begeistern
576 3224 683 3274 vermag
709 3207 756 3258 ssu·
775 3207 834 3258 eine
853 3205 977 3274 gerechte
996 3203 1101 3268 sache,
1120 3204 1173 3259 nie
1217 3213 1221 3221 '
1245 3198 1247 3202 Α

188 3311 205 3345 o
224 3315 253 3349 er
280 3285 345 3349 eine·
364 3300 422 3350 edle
447 3299 551 3368 Jugeud
577 3319 636 3352 zum
661 3299 775 3368 heiligen
801 3300 904 3367 Rumpf
927 3318 971 3350 um
996 3299 1048 3352 deu
1073 3297 1171 3350 Tbrou

187 3407 203 3438 u
221 3395 413 3444 versammelte.
456 3391 515 3444 Wo
543 3392 592 3446 bat
615 3393 674 3445 sich
704 3394 742 3443 im
768 3390 958 3446 katholiscben
983 3390 1169 3444 Deutscbland

186 3499 204 3532 a
222 3483 330 3536 soleber
356 3483 541 3554 Gemeingeist
566 3487 691 3555 gezeigt?
717 3504 757 3538 no
784 3488 820 3538 ist
836 3488 901 3539 dort
919 3488 967 3538 der
986 3486 1068 3554 Krieg
1087 3503 1169 3554 gagen

187 3593 203 3625 a
222 3577 274 3628 den
301 3577 433 3629 Erbseind
459 3597 488 3629 so
523 3578 701 3648 volksmiissig
732 3578 844 3648 gesiibrt
872 3579 1035 3633 norden?”
1074 3577 1109 3630 Et
1136 3598 1174 3631 ne.

187 3671 249 3738 quis
267 3668 390 3721 Borussis
416 3673 626 3725 recentissimum
651 3673 830 3740 Hispanorum
858 3675 1005 3740 exemplum
1030 3690 1171 3741 opponen-

190 3763 253 3813 dum
280 3782 334 3825 esse
362 3773 455 3831 putet,
484 3775 613 3834 quantum
640 3767 712 3818 inter
744 3775 870 3835 utrosque
897 3767 1031 3831 intersit,
1066 3767 1171 3834 egregia

189 3855 385 3916 demonstrarit
406 3861 437 3917 G.
458 3862 483 3914 C·
502 3859 623 3929 Miller,
643 3861 870 3941 Ρτοῑσειαηιιέηι.Ι
886 3861 944 3913 und
959 3859 1044 3938 Relig.
1063 3877 1106 3938 ῃ.
