<?xml version="1.0" encoding="UTF-8"?>
<!DOCTYPE html PUBLIC "-//W3C//DTD XHTML 1.0 Transitional//EN"
    "http://www.w3.org/TR/xhtml1/DTD/xhtml1-transitional.dtd">
<html xmlns="http://www.w3.org/1999/xhtml" xml:lang="en" lang="en">
 <head>
  <title>
</title>
<meta http-equiv="Content-Type" content="text/html;charset=utf-8" />
  <meta name='ocr-system' content='tesseract 3.04.00' />
  <meta name='ocr-capabilities' content='ocr_page ocr_carea ocr_par ocr_line ocrx_word'/>
</head>
<body>
  <div class='ocr_page' id='page_1' title='image "./disputatiodemys00borggoog_0133.png"; bbox 0 0 2678 4584; ppageno 0'>
   <div class='ocr_carea' id='block_1_1' title="bbox 209 280 931 397">
    <p class='ocr_par' dir='ltr' id='par_1_1' title="bbox 209 280 931 397">
     <span class='ocr_line' id='line_1_1' title="bbox 209 280 931 397; baseline -0.008 -1"><span class='ocrx_word' id='word_1_1' title='bbox 209 316 284 397; x_wconf 75' lang='lat' dir='ltr'>tm</span> <span class='ocrx_word' id='word_1_2' title='bbox 464 280 931 392; x_wconf 75' lang='lat' dir='ltr'>e1srurarro</span> 
     </span>
    </p>
   </div>
   <div class='ocr_carea' id='block_1_2' title="bbox 120 502 1272 3252">
    <p class='ocr_par' dir='ltr' id='par_1_2' title="bbox 132 502 1272 1422">
     <span class='ocr_line' id='line_1_2' title="bbox 208 502 1213 619; baseline 0.008 -38"><span class='ocrx_word' id='word_1_3' title='bbox 208 511 245 582; x_wconf 90' lang='lat' dir='ltr'>di</span> <span class='ocrx_word' id='word_1_4' title='bbox 267 510 428 582; x_wconf 80' lang='lat' dir='ltr'>sensibilis</span> <span class='ocrx_word' id='word_1_5' title='bbox 452 514 577 615; x_wconf 82' lang='lat' dir='ltr'>sentem</span> <span class='ocrx_word' id='word_1_6' title='bbox 600 529 633 585; x_wconf 88' lang='lat' dir='ltr'>et</span> <span class='ocrx_word' id='word_1_7' title='bbox 652 539 783 586; x_wconf 84' lang='lat' dir='ltr'>eausam</span> <span class='ocrx_word' id='word_1_8' title='bbox 806 513 841 584; x_wconf 90' lang='lat' dir='ltr'>in</span> <span class='ocrx_word' id='word_1_9' title='bbox 866 515 1031 587; x_wconf 80' lang='lat' dir='ltr'><em>nobismet</em></span> <span class='ocrx_word' id='word_1_10' title='bbox 1045 502 1213 619; x_wconf 65' lang='lat' dir='ltr'>positam¹</span> 
     </span>
     <span class='ocr_line' id='line_1_3' title="bbox 206 632 1192 732; baseline 0.006 -31"><span class='ocrx_word' id='word_1_11' title='bbox 206 656 299 719; x_wconf 88' lang='lat' dir='ltr'>esse,</span> <span class='ocrx_word' id='word_1_12' title='bbox 327 632 433 702; x_wconf 88' lang='lat' dir='ltr'>doeet.</span> <span class='ocrx_word' id='word_1_13' title='bbox 482 641 613 722; x_wconf 86' lang='lat' dir='ltr'>Quanta</span> <span class='ocrx_word' id='word_1_14' title='bbox 640 650 750 704; x_wconf 90' lang='lat' dir='ltr'>autem</span> <span class='ocrx_word' id='word_1_15' title='bbox 773 635 815 704; x_wconf 90' lang='lat' dir='ltr'>sit</span> <span class='ocrx_word' id='word_1_16' title='bbox 835 633 923 705; x_wconf 88' lang='lat' dir='ltr'>illius</span> <span class='ocrx_word' id='word_1_17' title='bbox 950 634 1192 732; x_wconf 74' lang='lat' dir='ltr'><strong>philosophiae,</strong></span> 
     </span>
     <span class='ocr_line' id='line_1_4' title="bbox 132 753 1191 847; baseline 0.007 -29"><span class='ocrx_word' id='word_1_18' title='bbox 132 771 141 777; x_wconf 82' lang='grc'><strong><em>·</em></strong></span> <span class='ocrx_word' id='word_1_19' title='bbox 205 775 285 844; x_wconf 85' lang='lat' dir='ltr'>quae</span> <span class='ocrx_word' id='word_1_20' title='bbox 310 765 381 821; x_wconf 88' lang='lat' dir='ltr'>tota</span> <span class='ocrx_word' id='word_1_21' title='bbox 407 755 543 847; x_wconf 86' lang='lat' dir='ltr'>quauta</span> <span class='ocrx_word' id='word_1_22' title='bbox 562 753 806 846; x_wconf 72' lang='lat' dir='ltr'>sulq’ectt&#39;vitnte</span> <span class='ocrx_word' id='word_1_23' title='bbox 830 757 945 824; x_wconf 79' lang='lat' dir='ltr'>nestrd-</span> <span class='ocrx_word' id='word_1_24' title='bbox 970 755 1120 844; x_wconf 79' lang='lat' dir='ltr'><strong>nitatur,</strong></span> <span class='ocrx_word' id='word_1_25' title='bbox 1146 756 1191 825; x_wconf 83' lang='lat' dir='ltr'>ad</span> 
     </span>
     <span class='ocr_line' id='line_1_5' title="bbox 203 871 1272 971; baseline 0.006 -31"><span class='ocrx_word' id='word_1_26' title='bbox 203 871 447 965; x_wconf 84' lang='lat' dir='ltr'>Mystieismum</span> <span class='ocrx_word' id='word_1_27' title='bbox 467 871 651 962; x_wconf 80' lang='lat' dir='ltr'>inelinatio,</span> <span class='ocrx_word' id='word_1_28' title='bbox 674 889 707 943; x_wconf 88' lang='lat' dir='ltr'>et</span> <span class='ocrx_word' id='word_1_29' title='bbox 729 899 782 943; x_wconf 84' lang='lat' dir='ltr'>res</span> <span class='ocrx_word' id='word_1_30' title='bbox 802 874 874 968; x_wconf 86' lang='lat' dir='ltr'>ipsa</span> <span class='ocrx_word' id='word_1_31' title='bbox 897 873 1062 971; x_wconf 80' lang='lat' dir='ltr'>loquitur,</span> <span class='ocrx_word' id='word_1_32' title='bbox 1085 890 1118 946; x_wconf 87' lang='lat' dir='ltr'>et</span> <span class='ocrx_word' id='word_1_33' title='bbox 1137 900 1193 945; x_wconf 77' lang='lat' dir='ltr'>sm</span> <span class='ocrx_word' id='word_1_34' title='bbox 1271 887 1272 892; x_wconf 76' lang='grc'>’</span> 
     </span>
     <span class='ocr_line' id='line_1_6' title="bbox 203 981 1192 1089; baseline 0.004 -29"><span class='ocrx_word' id='word_1_35' title='bbox 203 1012 266 1085; x_wconf 84' lang='lat' dir='ltr'>pra</span> <span class='ocrx_word' id='word_1_36' title='bbox 284 989 529 1063; x_wconf 85' lang='lat' dir='ltr'>deelaravimus.</span> <span class='ocrx_word' id='word_1_37' title='bbox 579 999 656 1082; x_wconf 86' lang='lat' dir='ltr'>Quo</span> <span class='ocrx_word' id='word_1_38' title='bbox 673 1008 786 1062; x_wconf 85' lang='lat' dir='ltr'>autem</span> <span class='ocrx_word' id='word_1_39' title='bbox 813 991 1037 1087; x_wconf 78' lang='lat' dir='ltr'>intelligatur,</span> <span class='ocrx_word' id='word_1_40' title='bbox 1061 981 1192 1089; x_wconf 78' lang='lat' dir='ltr'>quantu</span> 
     </span>
     <span class='ocr_line' id='line_1_7' title="bbox 202 1111 1191 1206; baseline 0.003 -26"><span class='ocrx_word' id='word_1_41' title='bbox 202 1111 310 1204; x_wconf 82' lang='lat' dir='ltr'>magis</span> <span class='ocrx_word' id='word_1_42' title='bbox 342 1111 441 1181; x_wconf 86' lang='lat' dir='ltr'>etiam</span> <span class='ocrx_word' id='word_1_43' title='bbox 470 1111 661 1199; x_wconf 77' lang='lat' dir='ltr'>Fielitiana,</span> <span class='ocrx_word' id='word_1_44' title='bbox 701 1137 802 1206; x_wconf 86' lang='lat' dir='ltr'>quam</span> <span class='ocrx_word' id='word_1_45' title='bbox 833 1112 1010 1199; x_wconf 89' lang='lat' dir='ltr'>Kantiana,</span> <span class='ocrx_word' id='word_1_46' title='bbox 1044 1111 1191 1206; x_wconf 87' lang='lat' dir='ltr'>philoso-</span> 
     </span>
     <span class='ocr_line' id='line_1_8' title="bbox 203 1229 1191 1327; baseline 0.005 -30"><span class='ocrx_word' id='word_1_47' title='bbox 203 1229 337 1322; x_wconf 83' lang='lat' dir='ltr'>phandi</span> <span class='ocrx_word' id='word_1_48' title='bbox 359 1231 462 1320; x_wconf 82' lang='lat' dir='ltr'>ratie&#39;,</span> <span class='ocrx_word' id='word_1_49' title='bbox 486 1232 688 1327; x_wconf 80' lang='lat' dir='ltr'>Mystieisme</span> <span class='ocrx_word' id='word_1_50' title='bbox 717 1231 847 1322; x_wconf 85' lang='lat' dir='ltr'>faveat,</span> <span class='ocrx_word' id='word_1_51' title='bbox 870 1233 934 1302; x_wconf 86' lang='lat' dir='ltr'>tria</span> <span class='ocrx_word' id='word_1_52' title='bbox 953 1233 1191 1304; x_wconf 79' lang='lat' dir='ltr'>animadverta-</span> 
     </span>
     <span class='ocr_line' id='line_1_9' title="bbox 203 1359 779 1422; baseline 0.007 -6"><span class='ocrx_word' id='word_1_53' title='bbox 203 1368 295 1422; x_wconf 78' lang='lat' dir='ltr'>mus.</span> <span class='ocrx_word' id='word_1_54' title='bbox 341 1359 344 1366; x_wconf 90' lang='lat'>&#39;</span> <span class='ocrx_word' id='word_1_55' title='bbox 643 1376 645 1379; x_wconf 91' lang='lat'>·</span> <span class='ocrx_word' id='word_1_56' title='bbox 769 1359 779 1377; x_wconf 82' lang='lat'><strong>‘</strong></span> 
     </span>
    </p>

    <p class='ocr_par' dir='ltr' id='par_1_3' title="bbox 120 1461 1209 2400">
     <span class='ocr_line' id='line_1_10' title="bbox 251 1461 1191 1567; baseline 0.004 -31"><span class='ocrx_word' id='word_1_57' title='bbox 251 1467 420 1558; x_wconf 81' lang='lat' dir='ltr'>Primum,</span> <span class='ocrx_word' id='word_1_58' title='bbox 439 1495 639 1567; x_wconf 81' lang='lat' dir='ltr'>quamquam</span> <span class='ocrx_word' id='word_1_59' title='bbox 660 1470 819 1542; x_wconf 80' lang='lat' dir='ltr'>Kantt&#39;ets</span> <span class='ocrx_word' id='word_1_60' title='bbox 835 1461 1025 1541; x_wconf 80' lang='lat' dir='ltr'>sensibilem</span> <span class='ocrx_word' id='word_1_61' title='bbox 1039 1483 1191 1540; x_wconf 77' lang='lat' dir='ltr'>nostrane</span> 
     </span>
     <span class='ocr_line' id='line_1_11' title="bbox 202 1588 1191 1688; baseline 0.003 -31"><span class='ocrx_word' id='word_1_62' title='bbox 202 1601 357 1657; x_wconf 84' lang='lat' dir='ltr'>naturam</span> <span class='ocrx_word' id='word_1_63' title='bbox 385 1590 501 1660; x_wconf 84' lang='lat' dir='ltr'>morali</span> <span class='ocrx_word' id='word_1_64' title='bbox 520 1592 718 1688; x_wconf 82' lang='lat' dir='ltr'>subjecerat,</span> <span class='ocrx_word' id='word_1_65' title='bbox 736 1607 835 1686; x_wconf 88' lang='lat' dir='ltr'>atque</span> <span class='ocrx_word' id='word_1_66' title='bbox 858 1589 944 1660; x_wconf 87' lang='lat' dir='ltr'>hane</span> <span class='ocrx_word' id='word_1_67' title='bbox 960 1615 1029 1660; x_wconf 87' lang='lat' dir='ltr'>esse</span> <span class='ocrx_word' id='word_1_68' title='bbox 1054 1588 1111 1659; x_wconf 76' lang='lat' dir='ltr'>illa</span> <span class='ocrx_word' id='word_1_69' title='bbox 1127 1614 1191 1684; x_wconf 70' lang='lat' dir='ltr'>pm</span> 
     </span>
     <span class='ocr_line' id='line_1_12' title="bbox 201 1707 1193 1798; baseline 0.005 -24"><span class='ocrx_word' id='word_1_70' title='bbox 201 1707 326 1776; x_wconf 68' lang='lat' dir='ltr'>liorem</span> <span class='ocrx_word' id='word_1_71' title='bbox 345 1712 576 1798; x_wconf 81' lang='lat' dir='ltr'>contenderat,</span> <span class='ocrx_word' id='word_1_72' title='bbox 604 1728 714 1781; x_wconf 84' lang='lat' dir='ltr'>tamen</span> <span class='ocrx_word' id='word_1_73' title='bbox 739 1712 774 1779; x_wconf 84' lang='lat' dir='ltr'>in</span> <span class='ocrx_word' id='word_1_74' title='bbox 795 1710 1027 1780; x_wconf 80' lang='lat' dir='ltr'>constituendo</span> <span class='ocrx_word' id='word_1_75' title='bbox 1056 1735 1193 1780; x_wconf 75' lang='lat' dir='ltr'>summa</span> 
     </span>
     <span class='ocr_line' id='line_1_13' title="bbox 203 1825 1190 1925; baseline 0.005 -31"><span class='ocrx_word' id='word_1_76' title='bbox 203 1825 299 1896; x_wconf 82' lang='lat' dir='ltr'>bono</span> <span class='ocrx_word' id='word_1_77' title='bbox 322 1843 389 1897; x_wconf 86' lang='lat' dir='ltr'>tam</span> <span class='ocrx_word' id='word_1_78' title='bbox 411 1828 589 1915; x_wconf 86' lang='lat' dir='ltr'>sensibilis,</span> <span class='ocrx_word' id='word_1_79' title='bbox 613 1855 715 1925; x_wconf 87' lang='lat' dir='ltr'>quam</span> <span class='ocrx_word' id='word_1_80' title='bbox 745 1827 882 1898; x_wconf 84' lang='lat' dir='ltr'>moralis</span> <span class='ocrx_word' id='word_1_81' title='bbox 901 1843 1027 1898; x_wconf 69' lang='lat' dir='ltr'>naturae</span> <span class='ocrx_word' id='word_1_82' title='bbox 1046 1845 1190 1918; x_wconf 85' lang='lat' dir='ltr'>nostrae,</span> 
     </span>
     <span class='ocr_line' id='line_1_14' title="bbox 204 1945 1191 2034; baseline 0.003 -19"><span class='ocrx_word' id='word_1_83' title='bbox 204 1945 368 2015; x_wconf 81' lang='lat' dir='ltr'>rationem</span> <span class='ocrx_word' id='word_1_84' title='bbox 400 1948 577 2034; x_wconf 86' lang='lat' dir='ltr'>habuerat,</span> <span class='ocrx_word' id='word_1_85' title='bbox 608 1974 684 2018; x_wconf 87' lang='lat' dir='ltr'>cum</span> <span class='ocrx_word' id='word_1_86' title='bbox 714 1949 759 2016; x_wconf 82' lang='lat' dir='ltr'>ita</span> <span class='ocrx_word' id='word_1_87' title='bbox 791 1947 989 2032; x_wconf 86' lang='lat' dir='ltr'>definiisset,</span> <span class='ocrx_word' id='word_1_88' title='bbox 1016 1968 1191 2018; x_wconf 84' lang='lat' dir='ltr'>summum</span> 
     </span>
     <span class='ocr_line' id='line_1_15' title="bbox 199 2062 1209 2153; baseline 0.002 -20"><span class='ocrx_word' id='word_1_89' title='bbox 199 2063 332 2133; x_wconf 73' lang='lat' dir='ltr'>‘bonum</span> <span class='ocrx_word' id='word_1_90' title='bbox 345 2089 414 2134; x_wconf 85' lang='lat' dir='ltr'>esse</span> <span class='ocrx_word' id='word_1_91' title='bbox 431 2091 598 2136; x_wconf 87' lang='lat' dir='ltr'>summam</span> <span class='ocrx_word' id='word_1_92' title='bbox 608 2065 827 2135; x_wconf 85' lang='lat' dir='ltr'>moralitatem</span> <span class='ocrx_word' id='word_1_93' title='bbox 840 2089 920 2134; x_wconf 86' lang='lat' dir='ltr'>eum</span> <span class='ocrx_word' id='word_1_94' title='bbox 937 2062 1089 2134; x_wconf 84' lang='lat' dir='ltr'>felicitate</span> <span class='ocrx_word' id='word_1_95' title='bbox 1099 2090 1191 2153; x_wconf 58' lang='lat' dir='ltr'>sum*-</span> <span class='ocrx_word' id='word_1_96' title='bbox 1204 2069 1209 2077; x_wconf 85' lang='lat'>&#39;</span> 
     </span>
     <span class='ocr_line' id='line_1_16' title="bbox 120 2178 1191 2280; baseline 0.002 -28"><span class='ocrx_word' id='word_1_97' title='bbox 120 2178 121 2181; x_wconf 28' lang='lat'>¹</span> <span class='ocrx_word' id='word_1_98' title='bbox 202 2184 499 2277; x_wconf 27' lang='lat' dir='ltr'>maieonjunetam.</span> <span class='ocrx_word' id='word_1_99' title='bbox 535 2185 867 2279; x_wconf 82' lang='lat' dir='ltr'>Duasigiturseeerat</span> <span class='ocrx_word' id='word_1_100' title='bbox 886 2184 1008 2253; x_wconf 89' lang='lat' dir='ltr'>summi</span> <span class='ocrx_word' id='word_1_101' title='bbox 1024 2185 1191 2280; x_wconf 89' lang='lat' dir='ltr'>benipar-</span> 
     </span>
     <span class='ocr_line' id='line_1_17' title="bbox 203 2302 1190 2400; baseline 0.004 -30"><span class='ocrx_word' id='word_1_102' title='bbox 203 2315 276 2388; x_wconf 88' lang='lat' dir='ltr'>tes,</span> <span class='ocrx_word' id='word_1_103' title='bbox 294 2302 515 2375; x_wconf 86' lang='lat' dir='ltr'>moralitatem</span> <span class='ocrx_word' id='word_1_104' title='bbox 535 2320 569 2374; x_wconf 90' lang='lat' dir='ltr'>et</span> <span class='ocrx_word' id='word_1_105' title='bbox 598 2305 807 2393; x_wconf 76' lang='lat' dir='ltr'><strong>felicitatem,</strong></span> <span class='ocrx_word' id='word_1_106' title='bbox 845 2328 987 2400; x_wconf 86' lang='lat' dir='ltr'>quarum</span> <span class='ocrx_word' id='word_1_107' title='bbox 1018 2302 1108 2375; x_wconf 88' lang='lat' dir='ltr'>illam</span> <span class='ocrx_word' id='word_1_108' title='bbox 1145 2306 1190 2374; x_wconf 86' lang='lat' dir='ltr'>ad</span> 
     </span>
    </p>

    <p class='ocr_par' dir='ltr' id='par_1_4' title="bbox 183 2422 1195 3252">
     <span class='ocr_line' id='line_1_18' title="bbox 206 2422 1194 2514; baseline 0.002 -22"><span class='ocrx_word' id='word_1_109' title='bbox 206 2422 388 2514; x_wconf 77' lang='lat' dir='ltr'><strong>moralem,</strong></span> <span class='ocrx_word' id='word_1_110' title='bbox 408 2425 494 2496; x_wconf 85' lang='lat' dir='ltr'>haue</span> <span class='ocrx_word' id='word_1_111' title='bbox 511 2426 551 2496; x_wconf 91' lang='lat' dir='ltr'>ad</span> <span class='ocrx_word' id='word_1_112' title='bbox 572 2424 760 2496; x_wconf 82' lang='lat' dir='ltr'>sensibilem</span> <span class='ocrx_word' id='word_1_113' title='bbox 787 2439 935 2496; x_wconf 86' lang='lat' dir='ltr'>nostram</span> <span class='ocrx_word' id='word_1_114' title='bbox 956 2438 1108 2494; x_wconf 74' lang='lat' dir='ltr'>araturam</span> <span class='ocrx_word' id='word_1_115' title='bbox 1132 2450 1194 2494; x_wconf 69' lang='lat' dir='ltr'>re-</span> 
     </span>
     <span class='ocr_line' id='line_1_19' title="bbox 204 2536 1191 2634; baseline 0.004 -22"><span class='ocrx_word' id='word_1_116' title='bbox 204 2536 339 2614; x_wconf 80' lang='lat' dir='ltr'>tulerat.</span> <span class='ocrx_word' id='word_1_117' title='bbox 399 2546 489 2634; x_wconf 83' lang='lat' dir='ltr'>Quid</span> <span class='ocrx_word' id='word_1_118' title='bbox 521 2547 703 2617; x_wconf 66' lang='lat' dir='ltr'>tebias?</span> <span class='ocrx_word' id='word_1_119' title='bbox 761 2551 901 2616; x_wconf 79' lang='lat' dir='ltr'>Prorsus</span> <span class='ocrx_word' id='word_1_120' title='bbox 933 2545 1044 2615; x_wconf 86' lang='lat' dir='ltr'>abesse</span> <span class='ocrx_word' id='word_1_121' title='bbox 1073 2544 1144 2615; x_wconf 90' lang='lat' dir='ltr'>vult</span> <span class='ocrx_word' id='word_1_122' title='bbox 1168 2570 1191 2616; x_wconf 78' lang='lat' dir='ltr'>a</span> 
     </span>
     <span class='ocr_line' id='line_1_20' title="bbox 183 2663 1192 2760; baseline 0 -28"><span class='ocrx_word' id='word_1_123' title='bbox 183 2676 185 2685; x_wconf 80' lang='grc'>’</span> <span class='ocrx_word' id='word_1_124' title='bbox 205 2664 479 2753; x_wconf 81' lang='lat' dir='ltr'>summobono,</span> <span class='ocrx_word' id='word_1_125' title='bbox 508 2666 741 2760; x_wconf 81' lang='lat' dir='ltr'>quodemnes</span> <span class='ocrx_word' id='word_1_126' title='bbox 767 2680 976 2758; x_wconf 81' lang='lat' dir='ltr'>expetamus,</span> <span class='ocrx_word' id='word_1_127' title='bbox 1000 2664 1096 2733; x_wconf 87' lang='lat' dir='ltr'>istam</span> <span class='ocrx_word' id='word_1_128' title='bbox 1120 2663 1192 2732; x_wconf 88' lang='lat' dir='ltr'>feli-</span> 
     </span>
     <span class='ocr_line' id='line_1_21' title="bbox 207 2781 1195 2879; baseline 0.001 -27"><span class='ocrx_word' id='word_1_129' title='bbox 207 2781 340 2855; x_wconf 75' lang='lat' dir='ltr'>citatem</span> <span class='ocrx_word' id='word_1_130' title='bbox 370 2782 568 2854; x_wconf 86' lang='lat' dir='ltr'>sensibilem.</span> <span class='ocrx_word' id='word_1_131' title='bbox 617 2791 779 2879; x_wconf 82' lang='lat' dir='ltr'>Frangere</span> <span class='ocrx_word' id='word_1_132' title='bbox 802 2784 897 2879; x_wconf 77' lang='lat' dir='ltr'>jubet</span> <span class='ocrx_word' id='word_1_133' title='bbox 922 2783 993 2853; x_wconf 88' lang='lat' dir='ltr'>vim</span> <span class='ocrx_word' id='word_1_134' title='bbox 1023 2782 1195 2855; x_wconf 82' lang='lat' dir='ltr'>sensibilis·</span> 
     </span>
     <span class='ocr_line' id='line_1_22' title="bbox 203 2902 1193 2999; baseline 0.001 -27"><span class='ocrx_word' id='word_1_135' title='bbox 203 2917 356 2991; x_wconf 81' lang='lat' dir='ltr'>naturae,</span> <span class='ocrx_word' id='word_1_136' title='bbox 384 2929 404 2973; x_wconf 90' lang='lat' dir='ltr'>a</span> <span class='ocrx_word' id='word_1_137' title='bbox 431 2906 496 2999; x_wconf 75' lang='lat' dir='ltr'>qud</span> <span class='ocrx_word' id='word_1_138' title='bbox 533 2928 600 2998; x_wconf 89' lang='lat' dir='ltr'>quo</span> <span class='ocrx_word' id='word_1_139' title='bbox 629 2902 797 2973; x_wconf 84' lang='lat' dir='ltr'>liberiores</span> <span class='ocrx_word' id='word_1_140' title='bbox 822 2904 948 2990; x_wconf 87' lang='lat' dir='ltr'>simus,</span> <span class='ocrx_word' id='word_1_141' title='bbox 980 2927 1020 2972; x_wconf 90' lang='lat' dir='ltr'>eo</span> <span class='ocrx_word' id='word_1_142' title='bbox 1048 2905 1193 2998; x_wconf 79' lang='lat' dir='ltr'>propius</span> 
     </span>
     <span class='ocr_line' id='line_1_23' title="bbox 205 3001 1192 3122; baseline 0.001 -32"><span class='ocrx_word' id='word_1_143' title='bbox 205 3044 230 3090; x_wconf 73' lang='lat' dir='ltr'>&#39;a</span> <span class='ocrx_word' id='word_1_144' title='bbox 259 3023 413 3094; x_wconf 85' lang='lat' dir='ltr'>beatitate</span> <span class='ocrx_word' id='word_1_145' title='bbox 438 3048 500 3094; x_wconf 90' lang='lat' dir='ltr'>nos</span> <span class='ocrx_word' id='word_1_146' title='bbox 520 3025 643 3097; x_wconf 83' lang='lat' dir='ltr'>abesse.</span> <span class='ocrx_word' id='word_1_147' title='bbox 690 3029 729 3093; x_wconf 89' lang='lat' dir='ltr'>ln</span> <span class='ocrx_word' id='word_1_148' title='bbox 753 3048 794 3092; x_wconf 89' lang='lat' dir='ltr'>ea</span> <span class='ocrx_word' id='word_1_149' title='bbox 815 3001 1077 3122; x_wconf 78' lang='lat' dir='ltr'>enini-libertate</span> <span class='ocrx_word' id='word_1_150' title='bbox 1099 3023 1192 3117; x_wconf 83' lang='lat' dir='ltr'>posi-</span> 
     </span>
     <span class='ocr_line' id='line_1_24' title="bbox 205 3140 1189 3252; baseline 0.001 -41"><span class='ocrx_word' id='word_1_151' title='bbox 205 3155 277 3213; x_wconf 79' lang='lat' dir='ltr'>tam</span> <span class='ocrx_word' id='word_1_152' title='bbox 299 3166 370 3213; x_wconf 85' lang='lat' dir='ltr'>esse</span> <span class='ocrx_word' id='word_1_153' title='bbox 390 3143 588 3252; x_wconf 73' lang='lat' dir='ltr'>beatitatem.</span> <span class='ocrx_word' id='word_1_154' title='bbox 638 3150 789 3239; x_wconf 84' lang='lat' dir='ltr'>Cumque</span> <span class='ocrx_word' id='word_1_155' title='bbox 812 3140 903 3211; x_wconf 86' lang='lat' dir='ltr'>illem</span> <span class='ocrx_word' id='word_1_156' title='bbox 924 3141 1109 3212; x_wconf 84' lang='lat' dir='ltr'>libertatem</span> <span class='ocrx_word' id='word_1_157' title='bbox 1129 3167 1189 3238; x_wconf 88' lang='lat' dir='ltr'>ap·</span> 
     </span>
    </p>
   </div>
   <div class='ocr_carea' id='block_1_3' title="bbox 89 3260 1189 3361">
    <p class='ocr_par' dir='ltr' id='par_1_5' title="bbox 89 3260 1189 3361">
     <span class='ocr_line' id='line_1_25' title="bbox 89 3260 1189 3361; baseline 0.003 -31"><span class='ocrx_word' id='word_1_158' title='bbox 89 3291 90 3295; x_wconf 41' lang='lat'>¹</span> <span class='ocrx_word' id='word_1_159' title='bbox 207 3277 322 3356; x_wconf 79' lang='lat' dir='ltr'>petere</span> <span class='ocrx_word' id='word_1_160' title='bbox 354 3279 387 3334; x_wconf 83' lang='lat' dir='ltr'>et</span> <span class='ocrx_word' id='word_1_161' title='bbox 421 3267 578 3361; x_wconf 65' lang='lat' dir='ltr'>consequi</span> <span class='ocrx_word' id='word_1_162' title='bbox 599 3265 732 3352; x_wconf 81' lang='lat' dir='ltr'>conari,</span> <span class='ocrx_word' id='word_1_163' title='bbox 767 3261 851 3333; x_wconf 86' lang='lat' dir='ltr'>nihil</span> <span class='ocrx_word' id='word_1_164' title='bbox 880 3260 1058 3348; x_wconf 72' lang='lat' dir='ltr'>aliaest,</span> <span class='ocrx_word' id='word_1_165' title='bbox 1086 3288 1189 3358; x_wconf 89' lang='lat' dir='ltr'>quam</span> 
     </span>
    </p>
   </div>
   <div class='ocr_carea' id='block_1_4' title="bbox 208 3381 1191 3478">
    <p class='ocr_par' dir='ltr' id='par_1_6' title="bbox 208 3381 1191 3478">
     <span class='ocr_line' id='line_1_26' title="bbox 208 3381 1191 3478; baseline -0.003 -25"><span class='ocrx_word' id='word_1_166' title='bbox 208 3381 321 3453; x_wconf 84' lang='lat' dir='ltr'>officio</span> <span class='ocrx_word' id='word_1_167' title='bbox 357 3384 451 3478; x_wconf 87' lang='lat' dir='ltr'>fungi</span> <span class='ocrx_word' id='word_1_168' title='bbox 482 3410 521 3455; x_wconf 88' lang='lat' dir='ltr'>ae</span> <span class='ocrx_word' id='word_1_169' title='bbox 546 3385 703 3456; x_wconf 86' lang='lat' dir='ltr'>virtutem</span> <span class='ocrx_word' id='word_1_170' title='bbox 733 3382 860 3470; x_wconf 87' lang='lat' dir='ltr'>colere,</span> <span class='ocrx_word' id='word_1_171' title='bbox 888 3384 1058 3478; x_wconf 85' lang='lat' dir='ltr'>sequitur,</span> <span class='ocrx_word' id='word_1_172' title='bbox 1088 3382 1191 3452; x_wconf 87' lang='lat' dir='ltr'>sensi·</span> 
     </span>
    </p>
   </div>
   <div class='ocr_carea' id='block_1_5' title="bbox 77 3496 1190 3580">
    <p class='ocr_par' dir='ltr' id='par_1_7' title="bbox 77 3496 1190 3580">
     <span class='ocr_line' id='line_1_27' title="bbox 77 3496 1190 3580; baseline -0.001 -10"><span class='ocrx_word' id='word_1_173' title='bbox 77 3522 80 3539; x_wconf 83' lang='lat'><strong>¹</strong></span> <span class='ocrx_word' id='word_1_174' title='bbox 203 3496 311 3572; x_wconf 81' lang='lat' dir='ltr'>bilem</span> <span class='ocrx_word' id='word_1_175' title='bbox 333 3496 480 3574; x_wconf 76' lang='lat' dir='ltr'>nestram</span> <span class='ocrx_word' id='word_1_176' title='bbox 497 3519 650 3575; x_wconf 87' lang='lat' dir='ltr'>naturam</span> <span class='ocrx_word' id='word_1_177' title='bbox 667 3531 691 3574; x_wconf 85' lang='lat' dir='ltr'>a</span> <span class='ocrx_word' id='word_1_178' title='bbox 714 3505 844 3575; x_wconf 80' lang='lat' dir='ltr'>Fc&#39;ebtt‘o</span> <span class='ocrx_word' id='word_1_179' title='bbox 866 3504 992 3575; x_wconf 83' lang='lat' dir='ltr'>censeri</span> <span class='ocrx_word' id='word_1_180' title='bbox 1010 3503 1190 3580; x_wconf 79' lang='lat' dir='ltr'>maximam</span> 
     </span>
    </p>
   </div>
   <div class='ocr_carea' id='block_1_6' title="bbox 210 3621 1192 3965">
    <p class='ocr_par' dir='ltr' id='par_1_8' title="bbox 210 3621 1192 3965">
     <span class='ocr_line' id='line_1_28' title="bbox 210 3621 1190 3716; baseline -0.001 -23"><span class='ocrx_word' id='word_1_181' title='bbox 210 3621 343 3694; x_wconf 81' lang='lat' dir='ltr'>virtutis</span> <span class='ocrx_word' id='word_1_182' title='bbox 369 3624 595 3695; x_wconf 84' lang='lat' dir='ltr'>adversariam.</span> <span class='ocrx_word' id='word_1_183' title='bbox 662 3625 751 3716; x_wconf 90' lang='lat' dir='ltr'>Quid</span> <span class='ocrx_word' id='word_1_184' title='bbox 786 3625 918 3696; x_wconf 89' lang='lat' dir='ltr'>tandem</span> <span class='ocrx_word' id='word_1_185' title='bbox 944 3624 1034 3695; x_wconf 86' lang='lat' dir='ltr'>aliud</span> <span class='ocrx_word' id='word_1_186' title='bbox 1064 3621 1190 3694; x_wconf 88' lang='lat' dir='ltr'>saciunt</span> 
     </span>
     <span class='ocr_line' id='line_1_29' title="bbox 210 3720 1190 3841; baseline -0.005 -25"><span class='ocrx_word' id='word_1_187' title='bbox 210 3720 526 3841; x_wconf 58' lang='lat' dir='ltr'>Mysii&#39;ci,&#39;‘qn”i&#39;&#39;&#39;iii</span> <span class='ocrx_word' id='word_1_188' title='bbox 540 3721 672 3818; x_wconf 83' lang='lat' dir='ltr'>virtutis</span> <span class='ocrx_word' id='word_1_189' title='bbox 702 3772 812 3822; x_wconf 86' lang='lat' dir='ltr'>arcem</span> <span class='ocrx_word' id='word_1_190' title='bbox 837 3772 871 3818; x_wconf 88' lang='lat' dir='ltr'>se</span> <span class='ocrx_word' id='word_1_191' title='bbox 891 3724 976 3816; x_wconf 84' lang='lat' dir='ltr'>eniti</span> <span class='ocrx_word' id='word_1_192' title='bbox 997 3721 1093 3841; x_wconf 74' lang='lat' dir='ltr'>pesse</span> <span class='ocrx_word' id='word_1_193' title='bbox 1118 3768 1190 3813; x_wconf 86' lang='lat' dir='ltr'>non</span> 
     </span>
     <span class='ocr_line' id='line_1_30' title="bbox 211 3860 1192 3965; baseline -0.001 -29"><span class='ocrx_word' id='word_1_194' title='bbox 211 3863 432 3959; x_wconf 85' lang='lat' dir='ltr'>arbitrantur,</span> <span class='ocrx_word' id='word_1_195' title='bbox 455 3868 529 3940; x_wconf 61' lang='lat' dir='ltr'>,nisi</span> <span class='ocrx_word' id='word_1_196' title='bbox 554 3867 736 3951; x_wconf 74' lang='lat' dir='ltr'>liorninuur¹</span> <span class='ocrx_word' id='word_1_197' title='bbox 762 3867 954 3943; x_wconf 79' lang='lat' dir='ltr'>societatem</span> <span class='ocrx_word' id='word_1_198' title='bbox 977 3860 1192 3965; x_wconf 78' lang='lat' dir='ltr'>relinquant,</span> 
     </span>
    </p>
   </div>
   <div class='ocr_carea' id='block_1_7' title="bbox 0 0 1344 4584">
    <p class='ocr_par' dir='ltr' id='par_1_9' title="bbox 0 0 1344 4584">
     <span class='ocr_line' id='line_1_31' title="bbox 0 0 1344 4584; baseline 0 1"><span class='ocrx_word' id='word_1_199' title='bbox 0 0 1344 4584; x_wconf 95' lang='lat' dir='ltr'> </span> 
     </span>
    </p>
   </div>
  </div>
 </body>
</html>
