<?xml version="1.0" encoding="UTF-8"?>
<!DOCTYPE html PUBLIC "-//W3C//DTD XHTML 1.0 Transitional//EN"
    "http://www.w3.org/TR/xhtml1/DTD/xhtml1-transitional.dtd">
<html xmlns="http://www.w3.org/1999/xhtml" xml:lang="en" lang="en">
 <head>
  <title>
</title>
<meta http-equiv="Content-Type" content="text/html;charset=utf-8" />
  <meta name='ocr-system' content='tesseract 3.04.00' />
  <meta name='ocr-capabilities' content='ocr_page ocr_carea ocr_par ocr_line ocrx_word'/>
</head>
<body>
  <div class='ocr_page' id='page_1' title='image "./disputatiodemys00borggoog_0096.png"; bbox 0 0 2678 4584; ppageno 0'>
   <div class='ocr_carea' id='block_1_1' title="bbox 380 264 1164 363">
    <p class='ocr_par' dir='ltr' id='par_1_1' title="bbox 380 264 1164 363">
     <span class='ocr_line' id='line_1_1' title="bbox 380 264 1164 363; baseline -0.006 -28"><span class='ocrx_word' id='word_1_1' title='bbox 380 264 958 336; x_wconf 81' lang='lat' dir='ltr'><strong>nnMYSTICISMO.</strong></span> <span class='ocrx_word' id='word_1_2' title='bbox 1115 287 1164 363; x_wconf 84' lang='lat'><strong>79</strong></span> 
     </span>
    </p>
   </div>
   <div class='ocr_carea' id='block_1_2' title="bbox 110 456 1256 3916">
    <p class='ocr_par' dir='ltr' id='par_1_2' title="bbox 110 456 1256 3916">
     <span class='ocr_line' id='line_1_2' title="bbox 185 456 1162 563; baseline -0.001 -35"><span class='ocrx_word' id='word_1_3' title='bbox 185 456 390 563; x_wconf 84' lang='lat' dir='ltr'><strong>proclivitas,</strong></span> <span class='ocrx_word' id='word_1_4' title='bbox 419 486 517 528; x_wconf 90' lang='lat' dir='ltr'><strong>nemo</strong></span> <span class='ocrx_word' id='word_1_5' title='bbox 555 457 602 527; x_wconf 88' lang='lat' dir='ltr'><strong>vel</strong></span> <span class='ocrx_word' id='word_1_6' title='bbox 638 473 828 527; x_wconf 88' lang='lat' dir='ltr'><strong>nostrorum</strong></span> <span class='ocrx_word' id='word_1_7' title='bbox 858 458 978 526; x_wconf 84' lang='lat' dir='ltr'><strong>civium</strong></span> <span class='ocrx_word' id='word_1_8' title='bbox 1007 456 1162 552; x_wconf 85' lang='lat' dir='ltr'>ignoret,</span> 
     </span>
     <span class='ocr_line' id='line_1_3' title="bbox 185 577 1163 675; baseline -0.001 -26"><span class='ocrx_word' id='word_1_9' title='bbox 185 581 244 675; x_wconf 89' lang='lat' dir='ltr'><strong>qui</strong></span> <span class='ocrx_word' id='word_1_10' title='bbox 276 577 449 674; x_wconf 91' lang='lat' dir='ltr'><strong>paululum</strong></span> <span class='ocrx_word' id='word_1_11' title='bbox 470 580 504 649; x_wconf 94' lang='lat' dir='ltr'><strong>in</strong></span> <span class='ocrx_word' id='word_1_12' title='bbox 533 579 690 674; x_wconf 78' lang='lat' dir='ltr'><strong>praeteriti</strong></span> <span class='ocrx_word' id='word_1_13' title='bbox 712 579 870 672; x_wconf 89' lang='lat' dir='ltr'><strong>temporis</strong></span> <span class='ocrx_word' id='word_1_14' title='bbox 898 579 1092 647; x_wconf 81' lang='lat' dir='ltr'><strong>memoriam</strong></span> <span class='ocrx_word' id='word_1_15' title='bbox 1113 604 1163 648; x_wconf 87' lang='lat' dir='ltr'><strong>re-</strong></span> 
     </span>
     <span class='ocr_line' id='line_1_4' title="bbox 185 698 1248 794; baseline -0.001 -25"><span class='ocrx_word' id='word_1_16' title='bbox 185 702 293 770; x_wconf 89' lang='lat' dir='ltr'><strong>dierit.</strong></span> <span class='ocrx_word' id='word_1_17' title='bbox 344 699 432 789; x_wconf 85' lang='lat' dir='ltr'>Quid</span> <span class='ocrx_word' id='word_1_18' title='bbox 460 723 539 794; x_wconf 84' lang='lat' dir='ltr'><strong>ergo</strong></span> <span class='ocrx_word' id='word_1_19' title='bbox 569 699 601 767; x_wconf 92' lang='lat' dir='ltr'><strong>in</strong></span> <span class='ocrx_word' id='word_1_20' title='bbox 624 698 821 768; x_wconf 84' lang='lat' dir='ltr'><strong>Germania?</strong></span> <span class='ocrx_word' id='word_1_21' title='bbox 869 704 1043 768; x_wconf 79' lang='lat' dir='ltr'><strong>Poteratne</strong></span> <span class='ocrx_word' id='word_1_22' title='bbox 1071 698 1164 769; x_wconf 90' lang='lat' dir='ltr'><strong>aliter</strong></span> <span class='ocrx_word' id='word_1_23' title='bbox 1245 768 1248 775; x_wconf 78' lang='grc'><em>,</em></span> 
     </span>
     <span class='ocr_line' id='line_1_5' title="bbox 189 818 1167 915; baseline -0.001 -25"><span class='ocrx_word' id='word_1_24' title='bbox 189 821 282 907; x_wconf 81' lang='lat' dir='ltr'><strong>lieri,</strong></span> <span class='ocrx_word' id='word_1_25' title='bbox 306 821 387 915; x_wconf 90' lang='lat' dir='ltr'><strong>quin</strong></span> <span class='ocrx_word' id='word_1_26' title='bbox 408 845 527 914; x_wconf 90' lang='lat' dir='ltr'><strong>magna</strong></span> <span class='ocrx_word' id='word_1_27' title='bbox 547 818 663 913; x_wconf 90' lang='lat' dir='ltr'><strong>populi</strong></span> <span class='ocrx_word' id='word_1_28' title='bbox 686 845 761 914; x_wconf 88' lang='lat' dir='ltr'><strong>pars</strong></span> <span class='ocrx_word' id='word_1_29' title='bbox 788 843 860 887; x_wconf 90' lang='lat' dir='ltr'><strong>eam</strong></span> <span class='ocrx_word' id='word_1_30' title='bbox 886 821 1078 888; x_wconf 84' lang='lat' dir='ltr'><strong>sententiam</strong></span> <span class='ocrx_word' id='word_1_31' title='bbox 1098 844 1167 889; x_wconf 89' lang='lat' dir='ltr'><strong>sus·</strong></span> 
     </span>
     <span class='ocr_line' id='line_1_6' title="bbox 190 937 1167 1036; baseline -0.001 -27"><span class='ocrx_word' id='word_1_32' title='bbox 190 945 332 1036; x_wconf 83' lang='lat' dir='ltr'><strong>ciperet,</strong></span> <span class='ocrx_word' id='word_1_33' title='bbox 353 965 485 1010; x_wconf 88' lang='lat' dir='ltr'><strong>omnem</strong></span> <span class='ocrx_word' id='word_1_34' title='bbox 510 937 618 1026; x_wconf 87' lang='lat' dir='ltr'><strong>illam,</strong></span> <span class='ocrx_word' id='word_1_35' title='bbox 643 965 709 1033; x_wconf 92' lang='lat' dir='ltr'><strong>qua</strong></span> <span class='ocrx_word' id='word_1_36' title='bbox 729 964 767 1007; x_wconf 90' lang='lat' dir='ltr'><strong>ea</strong></span> <span class='ocrx_word' id='word_1_37' title='bbox 787 940 877 1033; x_wconf 90' lang='lat' dir='ltr'><strong>regio</strong></span> <span class='ocrx_word' id='word_1_38' title='bbox 898 939 1167 1034; x_wconf 87' lang='lat' dir='ltr'><strong>opprimeretur,</strong></span> 
     </span>
     <span class='ocr_line' id='line_1_7' title="bbox 191 1057 1168 1160; baseline -0.002 -30"><span class='ocrx_word' id='word_1_39' title='bbox 191 1059 359 1130; x_wconf 88' lang='lat' dir='ltr'><strong>malorum</strong></span> <span class='ocrx_word' id='word_1_40' title='bbox 395 1059 516 1129; x_wconf 89' lang='lat' dir='ltr'><strong>molem</strong></span> <span class='ocrx_word' id='word_1_41' title='bbox 555 1057 690 1129; x_wconf 80' lang='lat' dir='ltr'><strong>sublatae</strong></span> <span class='ocrx_word' id='word_1_42' title='bbox 725 1059 929 1154; x_wconf 84' lang='lat' dir='ltr'><strong>religiositati</strong></span> <span class='ocrx_word' id='word_1_43' title='bbox 967 1084 1168 1160; x_wconf 80' lang='lat' dir='ltr'><strong>morumque</strong></span> 
     </span>
     <span class='ocr_line' id='line_1_8' title="bbox 192 1179 1171 1275; baseline 0.002 -26"><span class='ocrx_word' id='word_1_44' title='bbox 192 1181 395 1275; x_wconf 83' lang='lat' dir='ltr'><strong>perversitati</strong></span> <span class='ocrx_word' id='word_1_45' title='bbox 418 1182 519 1249; x_wconf 90' lang='lat' dir='ltr'><strong>tribui</strong></span> <span class='ocrx_word' id='word_1_46' title='bbox 539 1179 683 1248; x_wconf 79' lang='lat' dir='ltr'><strong>debere?</strong></span> <span class='ocrx_word' id='word_1_47' title='bbox 731 1184 846 1273; x_wconf 86' lang='lat' dir='ltr'><strong>Neque</strong></span> <span class='ocrx_word' id='word_1_48' title='bbox 866 1204 964 1268; x_wconf 84' lang='lat' dir='ltr'><strong>vere,</strong></span> <span class='ocrx_word' id='word_1_49' title='bbox 995 1180 1022 1250; x_wconf 93' lang='lat' dir='ltr'><strong>si</strong></span> <span class='ocrx_word' id='word_1_50' title='bbox 1051 1181 1171 1251; x_wconf 88' lang='lat' dir='ltr'><strong>divinae</strong></span> 
     </span>
     <span class='ocr_line' id='line_1_9' title="bbox 193 1297 1173 1396; baseline 0.001 -27"><span class='ocrx_word' id='word_1_51' title='bbox 193 1301 408 1396; x_wconf 82' lang='lat' dir='ltr'><strong>providentiae</strong></span> <span class='ocrx_word' id='word_1_52' title='bbox 442 1315 527 1369; x_wconf 91' lang='lat' dir='ltr'><strong>nutu</strong></span> <span class='ocrx_word' id='word_1_53' title='bbox 558 1324 595 1368; x_wconf 90' lang='lat' dir='ltr'><strong>ae</strong></span> <span class='ocrx_word' id='word_1_54' title='bbox 625 1297 794 1368; x_wconf 86' lang='lat' dir='ltr'><strong>voluntate</strong></span> <span class='ocrx_word' id='word_1_55' title='bbox 826 1323 876 1368; x_wconf 89' lang='lat' dir='ltr'><strong>res</strong></span> <span class='ocrx_word' id='word_1_56' title='bbox 907 1300 1068 1369; x_wconf 90' lang='lat' dir='ltr'><strong>humanas</strong></span> <span class='ocrx_word' id='word_1_57' title='bbox 1102 1301 1173 1394; x_wconf 87' lang='lat' dir='ltr'><strong>geri</strong></span> 
     </span>
     <span class='ocr_line' id='line_1_10' title="bbox 194 1417 1052 1514; baseline -0.001 -23"><span class='ocrx_word' id='word_1_58' title='bbox 194 1420 380 1506; x_wconf 88' lang='lat' dir='ltr'><strong>credimus,</strong></span> <span class='ocrx_word' id='word_1_59' title='bbox 407 1421 516 1513; x_wconf 84' lang='lat' dir='ltr'><strong>inepta</strong></span> <span class='ocrx_word' id='word_1_60' title='bbox 531 1419 644 1488; x_wconf 35' lang='lat' dir='ltr'><strong>‘videri</strong></span> <span class='ocrx_word' id='word_1_61' title='bbox 673 1417 726 1487; x_wconf 93' lang='lat' dir='ltr'><strong>illa</strong></span> <span class='ocrx_word' id='word_1_62' title='bbox 751 1433 910 1488; x_wconf 79' lang='lat' dir='ltr'><strong>sententia</strong></span> <span class='ocrx_word' id='word_1_63' title='bbox 933 1435 1052 1514; x_wconf 90' lang='lat' dir='ltr'><strong>potest.</strong></span> 
     </span>
     <span class='ocr_line' id='line_1_11' title="bbox 244 1535 1175 1630; baseline 0.003 -22"><span class='ocrx_word' id='word_1_64' title='bbox 244 1549 412 1628; x_wconf 91' lang='lat' dir='ltr'><strong>Quorsum</strong></span> <span class='ocrx_word' id='word_1_65' title='bbox 442 1537 538 1606; x_wconf 80' lang='lat' dir='ltr'><strong>haee?</strong></span> <span class='ocrx_word' id='word_1_66' title='bbox 561 1553 599 1605; x_wconf 91' lang='lat' dir='ltr'><strong>ut</strong></span> <span class='ocrx_word' id='word_1_67' title='bbox 628 1535 856 1630; x_wconf 87' lang='lat' dir='ltr'><strong>intelligatur,</strong></span> <span class='ocrx_word' id='word_1_68' title='bbox 891 1565 951 1607; x_wconf 92' lang='lat' dir='ltr'><strong>cur</strong></span> <span class='ocrx_word' id='word_1_69' title='bbox 978 1538 1075 1609; x_wconf 90' lang='lat' dir='ltr'><strong>multi</strong></span> <span class='ocrx_word' id='word_1_70' title='bbox 1096 1567 1175 1612; x_wconf 86' lang='lat' dir='ltr'><strong>sen-</strong></span> 
     </span>
     <span class='ocr_line' id='line_1_12' title="bbox 198 1656 1175 1754; baseline -0.003 -22"><span class='ocrx_word' id='word_1_71' title='bbox 198 1687 238 1732; x_wconf 90' lang='lat' dir='ltr'><strong>su</strong></span> <span class='ocrx_word' id='word_1_72' title='bbox 260 1661 388 1754; x_wconf 88' lang='lat' dir='ltr'><strong>potius,</strong></span> <span class='ocrx_word' id='word_1_73' title='bbox 413 1682 512 1752; x_wconf 92' lang='lat' dir='ltr'><strong>quam</strong></span> <span class='ocrx_word' id='word_1_74' title='bbox 541 1656 722 1724; x_wconf 91' lang='lat' dir='ltr'><strong>rationibus</strong></span> <span class='ocrx_word' id='word_1_75' title='bbox 757 1682 794 1724; x_wconf 86' lang='lat' dir='ltr'><strong>ae</strong></span> <span class='ocrx_word' id='word_1_76' title='bbox 815 1657 919 1725; x_wconf 86' lang='lat' dir='ltr'><strong>doctis</strong></span> <span class='ocrx_word' id='word_1_77' title='bbox 947 1659 1175 1752; x_wconf 91' lang='lat' dir='ltr'><strong>disputationi·</strong></span> 
     </span>
     <span class='ocr_line' id='line_1_13' title="bbox 198 1775 1176 1872; baseline 0 -22"><span class='ocrx_word' id='word_1_78' title='bbox 198 1783 262 1851; x_wconf 87' lang='lat' dir='ltr'><strong>bus</strong></span> <span class='ocrx_word' id='word_1_79' title='bbox 284 1777 452 1872; x_wconf 86' lang='lat' dir='ltr'><strong>religionis</strong></span> <span class='ocrx_word' id='word_1_80' title='bbox 479 1800 608 1845; x_wconf 88' lang='lat' dir='ltr'><strong>causam</strong></span> <span class='ocrx_word' id='word_1_81' title='bbox 630 1775 788 1870; x_wconf 84' lang='lat' dir='ltr'><strong>agendam</strong></span> <span class='ocrx_word' id='word_1_82' title='bbox 810 1787 895 1864; x_wconf 87' lang='lat' dir='ltr'><strong>esse,</strong></span> <span class='ocrx_word' id='word_1_83' title='bbox 920 1780 1176 1851; x_wconf 88' lang='lat' dir='ltr'><strong>existimaverint</strong></span> 
     </span>
     <span class='ocr_line' id='line_1_14' title="bbox 189 1893 1244 1990; baseline 0 -21"><span class='ocrx_word' id='word_1_84' title='bbox 189 1916 234 1970; x_wconf 56' lang='lat' dir='ltr'><strong>»et</strong></span> <span class='ocrx_word' id='word_1_85' title='bbox 262 1899 371 1967; x_wconf 89' lang='lat' dir='ltr'><strong>adhuc</strong></span> <span class='ocrx_word' id='word_1_86' title='bbox 399 1897 594 1965; x_wconf 85' lang='lat' dir='ltr'><strong>existiment.</strong></span> <span class='ocrx_word' id='word_1_87' title='bbox 644 1893 823 1988; x_wconf 87' lang='lat' dir='ltr'><strong>Religionis</strong></span> <span class='ocrx_word' id='word_1_88' title='bbox 853 1895 1020 1990; x_wconf 84' lang='lat' dir='ltr'><strong>neglectus</strong></span> <span class='ocrx_word' id='word_1_89' title='bbox 1048 1899 1179 1969; x_wconf 85' lang='lat' dir='ltr'><strong>videba-</strong></span> <span class='ocrx_word' id='word_1_90' title='bbox 1241 1951 1244 1959; x_wconf 87' lang='lat'>.</span> 
     </span>
     <span class='ocr_line' id='line_1_15' title="bbox 162 2014 1179 2114; baseline 0.002 -24"><span class='ocrx_word' id='word_1_91' title='bbox 162 2074 164 2080; x_wconf 34' lang='lat' dir='ltr'><strong><em>s</em></strong></span> <span class='ocrx_word' id='word_1_92' title='bbox 203 2036 259 2090; x_wconf 93' lang='lat' dir='ltr'><strong>tur</strong></span> <span class='ocrx_word' id='word_1_93' title='bbox 297 2043 393 2088; x_wconf 88' lang='lat' dir='ltr'><strong>causa</strong></span> <span class='ocrx_word' id='word_1_94' title='bbox 424 2015 619 2102; x_wconf 81' lang='lat' dir='ltr'><strong>malorum3</strong></span> <span class='ocrx_word' id='word_1_95' title='bbox 659 2016 741 2109; x_wconf 93' lang='lat' dir='ltr'><strong>quid</strong></span> <span class='ocrx_word' id='word_1_96' title='bbox 774 2015 877 2108; x_wconf 87' lang='lat' dir='ltr'><strong>igitur</strong></span> <span class='ocrx_word' id='word_1_97' title='bbox 914 2014 1035 2106; x_wconf 89' lang='lat' dir='ltr'><strong>aliud,</strong></span> <span class='ocrx_word' id='word_1_98' title='bbox 1077 2047 1179 2114; x_wconf 89' lang='lat' dir='ltr'><strong>quam</strong></span> 
     </span>
     <span class='ocr_line' id='line_1_16' title="bbox 203 2133 1180 2235; baseline 0.001 -25"><span class='ocrx_word' id='word_1_99' title='bbox 203 2139 372 2234; x_wconf 87' lang='lat' dir='ltr'><strong>religionis</strong></span> <span class='ocrx_word' id='word_1_100' title='bbox 413 2136 604 2205; x_wconf 89' lang='lat' dir='ltr'><strong>instauratio</strong></span> <span class='ocrx_word' id='word_1_101' title='bbox 642 2136 695 2204; x_wconf 90' lang='lat' dir='ltr'><strong>his</strong></span> <span class='ocrx_word' id='word_1_102' title='bbox 727 2133 820 2204; x_wconf 90' lang='lat' dir='ltr'><strong>malis</strong></span> <span class='ocrx_word' id='word_1_103' title='bbox 857 2137 981 2206; x_wconf 89' lang='lat' dir='ltr'><strong>mederi</strong></span> <span class='ocrx_word' id='word_1_104' title='bbox 1021 2142 1180 2235; x_wconf 78' lang='lat' dir='ltr'><strong>poterat?</strong></span> 
     </span>
     <span class='ocr_line' id='line_1_17' title="bbox 205 2253 1182 2354; baseline 0.002 -25"><span class='ocrx_word' id='word_1_105' title='bbox 205 2261 267 2330; x_wconf 91' lang='lat' dir='ltr'><strong>Sed</strong></span> <span class='ocrx_word' id='word_1_106' title='bbox 299 2273 337 2327; x_wconf 90' lang='lat' dir='ltr'><strong>ut</strong></span> <span class='ocrx_word' id='word_1_107' title='bbox 358 2255 489 2352; x_wconf 87' lang='lat' dir='ltr'><strong>publica</strong></span> <span class='ocrx_word' id='word_1_108' title='bbox 512 2269 580 2324; x_wconf 90' lang='lat' dir='ltr'><strong>erat</strong></span> <span class='ocrx_word' id='word_1_109' title='bbox 614 2253 781 2348; x_wconf 86' lang='lat' dir='ltr'><strong>religionis</strong></span> <span class='ocrx_word' id='word_1_110' title='bbox 811 2256 936 2343; x_wconf 89' lang='lat' dir='ltr'><strong>ruina,</strong></span> <span class='ocrx_word' id='word_1_111' title='bbox 970 2259 1016 2328; x_wconf 89' lang='lat' dir='ltr'><strong>sie</strong></span> <span class='ocrx_word' id='word_1_112' title='bbox 1050 2259 1182 2354; x_wconf 87' lang='lat' dir='ltr'><strong>publica</strong></span> 
     </span>
     <span class='ocr_line' id='line_1_18' title="bbox 201 2374 1182 2473; baseline 0 -24"><span class='ocrx_word' id='word_1_113' title='bbox 201 2405 292 2473; x_wconf 85' lang='lat' dir='ltr'><strong>opus</strong></span> <span class='ocrx_word' id='word_1_114' title='bbox 318 2391 386 2445; x_wconf 91' lang='lat' dir='ltr'><strong>erat</strong></span> <span class='ocrx_word' id='word_1_115' title='bbox 413 2374 558 2464; x_wconf 84' lang='lat' dir='ltr'><strong>ejusdem</strong></span> <span class='ocrx_word' id='word_1_116' title='bbox 583 2374 800 2443; x_wconf 87' lang='lat' dir='ltr'><strong>restitutione.</strong></span> <span class='ocrx_word' id='word_1_117' title='bbox 851 2381 915 2444; x_wconf 86' lang='lat' dir='ltr'><strong>Piae</strong></span> <span class='ocrx_word' id='word_1_118' title='bbox 938 2379 1040 2447; x_wconf 90' lang='lat' dir='ltr'><strong>animi</strong></span> <span class='ocrx_word' id='word_1_119' title='bbox 1061 2382 1182 2472; x_wconf 88' lang='lat' dir='ltr'><strong>eogita-</strong></span> 
     </span>
     <span class='ocr_line' id='line_1_19' title="bbox 110 2492 1183 2592; baseline 0.002 -24"><span class='ocrx_word' id='word_1_120' title='bbox 110 2498 113 2504; x_wconf 72' lang='grc'><strong>’</strong></span> <span class='ocrx_word' id='word_1_121' title='bbox 208 2499 314 2568; x_wconf 89' lang='lat' dir='ltr'><strong>tiones</strong></span> <span class='ocrx_word' id='word_1_122' title='bbox 339 2521 406 2564; x_wconf 89' lang='lat' dir='ltr'><strong>non</strong></span> <span class='ocrx_word' id='word_1_123' title='bbox 439 2495 528 2563; x_wconf 83' lang='lat' dir='ltr'><strong>intus</strong></span> <span class='ocrx_word' id='word_1_124' title='bbox 556 2508 650 2562; x_wconf 91' lang='lat' dir='ltr'><strong>erant</strong></span> <span class='ocrx_word' id='word_1_125' title='bbox 680 2492 958 2588; x_wconf 85' lang='lat' dir='ltr'><strong>comprimendae,</strong></span> <span class='ocrx_word' id='word_1_126' title='bbox 990 2497 1047 2565; x_wconf 91' lang='lat' dir='ltr'><strong>sed</strong></span> <span class='ocrx_word' id='word_1_127' title='bbox 1075 2497 1183 2592; x_wconf 85' lang='lat' dir='ltr'><strong>palam</strong></span> 
     </span>
     <span class='ocr_line' id='line_1_20' title="bbox 209 2611 1186 2712; baseline 0.003 -25"><span class='ocrx_word' id='word_1_128' title='bbox 209 2635 307 2712; x_wconf 91' lang='lat' dir='ltr'><strong>atque</strong></span> <span class='ocrx_word' id='word_1_129' title='bbox 324 2614 427 2712; x_wconf 8' lang='lat' dir='ltr'><strong>*cultu</strong></span> <span class='ocrx_word' id='word_1_130' title='bbox 453 2617 512 2682; x_wconf 90' lang='lat' dir='ltr'><strong>Dei</strong></span> <span class='ocrx_word' id='word_1_131' title='bbox 540 2611 674 2709; x_wconf 91' lang='lat' dir='ltr'><strong>publico</strong></span> <span class='ocrx_word' id='word_1_132' title='bbox 699 2613 895 2708; x_wconf 79' lang='lat' dir='ltr'><strong>aperiundas.</strong></span> <span class='ocrx_word' id='word_1_133' title='bbox 945 2614 1001 2684; x_wconf 76' lang='lat' dir='ltr'><strong>Sie‘</strong></span> <span class='ocrx_word' id='word_1_134' title='bbox 1025 2626 1112 2688; x_wconf 87' lang='lat' dir='ltr'><strong>enim</strong></span> <span class='ocrx_word' id='word_1_135' title='bbox 1139 2646 1186 2690; x_wconf 92' lang='lat' dir='ltr'><strong>re·</strong></span> 
     </span>
     <span class='ocr_line' id='line_1_21' title="bbox 210 2733 1189 2833; baseline 0.003 -26"><span class='ocrx_word' id='word_1_136' title='bbox 210 2737 341 2833; x_wconf 86' lang='lat' dir='ltr'><strong>ligioois</strong></span> <span class='ocrx_word' id='word_1_137' title='bbox 368 2737 558 2805; x_wconf 86' lang='lat' dir='ltr'><strong>instauratio</strong></span> <span class='ocrx_word' id='word_1_138' title='bbox 584 2736 708 2805; x_wconf 91' lang='lat' dir='ltr'><strong>censeri</strong></span> <span class='ocrx_word' id='word_1_139' title='bbox 736 2733 840 2825; x_wconf 86' lang='lat' dir='ltr'><strong>solet,</strong></span> <span class='ocrx_word' id='word_1_140' title='bbox 866 2761 942 2806; x_wconf 90' lang='lat' dir='ltr'><strong>curn</strong></span> <span class='ocrx_word' id='word_1_141' title='bbox 965 2765 1033 2807; x_wconf 90' lang='lat' dir='ltr'><strong>non</strong></span> <span class='ocrx_word' id='word_1_142' title='bbox 1062 2740 1102 2808; x_wconf 90' lang='lat' dir='ltr'><strong>de</strong></span> <span class='ocrx_word' id='word_1_143' title='bbox 1125 2743 1189 2811; x_wconf 88' lang='lat' dir='ltr'><strong>sin·</strong></span> 
     </span>
     <span class='ocr_line' id='line_1_22' title="bbox 212 2855 1256 2959; baseline 0.003 -32"><span class='ocrx_word' id='word_1_144' title='bbox 212 2859 299 2955; x_wconf 87' lang='lat' dir='ltr'><strong>gulis</strong></span> <span class='ocrx_word' id='word_1_145' title='bbox 330 2857 543 2943; x_wconf 81' lang='lat' dir='ltr'><strong>hominibus,</strong></span> <span class='ocrx_word' id='word_1_146' title='bbox 574 2855 629 2924; x_wconf 90' lang='lat' dir='ltr'><strong>sed</strong></span> <span class='ocrx_word' id='word_1_147' title='bbox 655 2855 695 2924; x_wconf 93' lang='lat' dir='ltr'><strong>de</strong></span> <span class='ocrx_word' id='word_1_148' title='bbox 720 2857 880 2927; x_wconf 87' lang='lat' dir='ltr'><strong>universis</strong></span> <span class='ocrx_word' id='word_1_149' title='bbox 903 2860 1091 2929; x_wconf 88' lang='lat' dir='ltr'><strong>nationibus</strong></span> <span class='ocrx_word' id='word_1_150' title='bbox 1115 2878 1187 2930; x_wconf 89' lang='lat' dir='ltr'><strong>ser-</strong></span> <span class='ocrx_word' id='word_1_151' title='bbox 1252 2952 1256 2959; x_wconf 19' lang='lat'>¹</span> 
     </span>
     <span class='ocr_line' id='line_1_23' title="bbox 213 2975 1190 3076; baseline 0.003 -28"><span class='ocrx_word' id='word_1_152' title='bbox 213 3003 271 3049; x_wconf 90' lang='lat' dir='ltr'><strong>mo</strong></span> <span class='ocrx_word' id='word_1_153' title='bbox 295 2992 353 3050; x_wconf 88' lang='lat' dir='ltr'><strong>est.</strong></span> <span class='ocrx_word' id='word_1_154' title='bbox 404 2982 584 3045; x_wconf 85' lang='lat' dir='ltr'><strong>Doctorum</strong></span> <span class='ocrx_word' id='word_1_155' title='bbox 611 2976 786 3044; x_wconf 90' lang='lat' dir='ltr'><strong>hominum</strong></span> <span class='ocrx_word' id='word_1_156' title='bbox 809 2975 908 3069; x_wconf 89' lang='lat' dir='ltr'><strong>longa</strong></span> <span class='ocrx_word' id='word_1_157' title='bbox 932 2994 1000 3047; x_wconf 89' lang='lat' dir='ltr'><strong>erat</strong></span> <span class='ocrx_word' id='word_1_158' title='bbox 1022 2994 1055 3047; x_wconf 89' lang='lat' dir='ltr'><strong>et</strong></span> <span class='ocrx_word' id='word_1_159' title='bbox 1070 3005 1190 3076; x_wconf 86' lang='lat' dir='ltr'><strong>anceps</strong></span> 
     </span>
     <span class='ocr_line' id='line_1_24' title="bbox 215 3096 1191 3194; baseline 0.006 -27"><span class='ocrx_word' id='word_1_160' title='bbox 215 3099 399 3184; x_wconf 86' lang='lat' dir='ltr'><strong>dimicatio,</strong></span> <span class='ocrx_word' id='word_1_161' title='bbox 431 3122 490 3165; x_wconf 90' lang='lat' dir='ltr'><strong>nec</strong></span> <span class='ocrx_word' id='word_1_162' title='bbox 513 3096 554 3164; x_wconf 87' lang='lat' dir='ltr'><strong>ab</strong></span> <span class='ocrx_word' id='word_1_163' title='bbox 579 3121 695 3164; x_wconf 93' lang='lat' dir='ltr'><strong>eorum</strong></span> <span class='ocrx_word' id='word_1_164' title='bbox 721 3096 997 3190; x_wconf 89' lang='lat' dir='ltr'><strong>disputationibus</strong></span> <span class='ocrx_word' id='word_1_165' title='bbox 1022 3098 1191 3194; x_wconf 85' lang='lat' dir='ltr'><strong>religionis</strong></span> 
     </span>
     <span class='ocr_line' id='line_1_25' title="bbox 216 3200 1201 3314; baseline 0.002 -26"><span class='ocrx_word' id='word_1_166' title='bbox 216 3217 304 3288; x_wconf 86' lang='lat' dir='ltr'><strong>salus</strong></span> <span class='ocrx_word' id='word_1_167' title='bbox 339 3217 461 3311; x_wconf 89' lang='lat' dir='ltr'><strong>sperari</strong></span> <span class='ocrx_word' id='word_1_168' title='bbox 486 3241 581 3310; x_wconf 90' lang='lat' dir='ltr'><strong>posse</strong></span> <span class='ocrx_word' id='word_1_169' title='bbox 604 3215 785 3283; x_wconf 86' lang='lat' dir='ltr'><strong>videbatur.</strong></span> <span class='ocrx_word' id='word_1_170' title='bbox 836 3223 964 3285; x_wconf 77' lang='lat' dir='ltr'><strong>Interea</strong></span> <span class='ocrx_word' id='word_1_171' title='bbox 988 3243 1106 3314; x_wconf 84' lang='lat' dir='ltr'><strong>magna</strong></span> <span class='ocrx_word' id='word_1_172' title='bbox 1130 3200 1201 3290; x_wconf 81' lang='lat' dir='ltr'><strong>na-</strong></span> 
     </span>
     <span class='ocr_line' id='line_1_26' title="bbox 216 3335 1197 3432; baseline 0.006 -26"><span class='ocrx_word' id='word_1_173' title='bbox 216 3337 317 3407; x_wconf 90' lang='lat' dir='ltr'><strong>tionis</strong></span> <span class='ocrx_word' id='word_1_174' title='bbox 353 3362 427 3430; x_wconf 89' lang='lat' dir='ltr'><strong>pars</strong></span> <span class='ocrx_word' id='word_1_175' title='bbox 458 3336 502 3405; x_wconf 87' lang='lat' dir='ltr'><strong>ita</strong></span> <span class='ocrx_word' id='word_1_176' title='bbox 536 3349 605 3403; x_wconf 88' lang='lat' dir='ltr'><strong>erat</strong></span> <span class='ocrx_word' id='word_1_177' title='bbox 635 3335 797 3432; x_wconf 84' lang='lat' dir='ltr'><strong>animata,</strong></span> <span class='ocrx_word' id='word_1_178' title='bbox 829 3350 866 3404; x_wconf 91' lang='lat' dir='ltr'><strong>ut</strong></span> <span class='ocrx_word' id='word_1_179' title='bbox 896 3336 944 3405; x_wconf 93' lang='lat' dir='ltr'><strong>nil</strong></span> <span class='ocrx_word' id='word_1_180' title='bbox 974 3337 1038 3407; x_wconf 87' lang='lat' dir='ltr'><strong>nisi</strong></span> <span class='ocrx_word' id='word_1_181' title='bbox 1062 3344 1197 3412; x_wconf 82' lang='lat' dir='ltr'><strong>externai</strong></span> 
     </span>
     <span class='ocr_line' id='line_1_27' title="bbox 219 3455 1199 3552; baseline 0.006 -28"><span class='ocrx_word' id='word_1_182' title='bbox 219 3458 361 3551; x_wconf 88' lang='lat' dir='ltr'><strong>quadam</strong></span> <span class='ocrx_word' id='word_1_183' title='bbox 394 3456 592 3551; x_wconf 80' lang='lat' dir='ltr'><strong>impulsione</strong></span> <span class='ocrx_word' id='word_1_184' title='bbox 622 3471 654 3524; x_wconf 91' lang='lat' dir='ltr'><strong>et</strong></span> <span class='ocrx_word' id='word_1_185' title='bbox 684 3455 876 3525; x_wconf 88' lang='lat' dir='ltr'><strong>auctoritate</strong></span> <span class='ocrx_word' id='word_1_186' title='bbox 901 3483 986 3552; x_wconf 88' lang='lat' dir='ltr'><strong>opus</strong></span> <span class='ocrx_word' id='word_1_187' title='bbox 1011 3484 1079 3528; x_wconf 92' lang='lat' dir='ltr'><strong>esse</strong></span> <span class='ocrx_word' id='word_1_188' title='bbox 1103 3461 1199 3530; x_wconf 88' lang='lat' dir='ltr'><strong>vide-</strong></span> 
     </span>
     <span class='ocr_line' id='line_1_28' title="bbox 219 3574 1196 3671; baseline 0.004 -25"><span class='ocrx_word' id='word_1_189' title='bbox 219 3592 333 3661; x_wconf 85' lang='lat' dir='ltr'><strong>retur,</strong></span> <span class='ocrx_word' id='word_1_190' title='bbox 353 3580 431 3669; x_wconf 64' lang='lat' dir='ltr'><strong>&#39;quo</strong></span> <span class='ocrx_word' id='word_1_191' title='bbox 462 3575 515 3643; x_wconf 93' lang='lat' dir='ltr'><strong>ille</strong></span> <span class='ocrx_word' id='word_1_192' title='bbox 546 3601 659 3645; x_wconf 88' lang='lat' dir='ltr'><strong>sensus</strong></span> <span class='ocrx_word' id='word_1_193' title='bbox 693 3574 885 3669; x_wconf 85' lang='lat' dir='ltr'><strong>religiosus,</strong></span> <span class='ocrx_word' id='word_1_194' title='bbox 916 3579 1006 3671; x_wconf 86' lang='lat' dir='ltr'><strong>gravi</strong></span> <span class='ocrx_word' id='word_1_195' title='bbox 1037 3579 1196 3650; x_wconf 87' lang='lat' dir='ltr'><strong>excitatus</strong></span> 
     </span>
     <span class='ocr_line' id='line_1_29' title="bbox 221 3694 1196 3799; baseline 0.005 -34"><span class='ocrx_word' id='word_1_196' title='bbox 221 3711 412 3790; x_wconf 89' lang='lat' dir='ltr'><strong>temporum</strong></span> <span class='ocrx_word' id='word_1_197' title='bbox 437 3695 575 3789; x_wconf 83' lang='lat' dir='ltr'><strong>injuria,</strong></span> <span class='ocrx_word' id='word_1_198' title='bbox 604 3694 711 3788; x_wconf 90' lang='lat' dir='ltr'><strong>palam</strong></span> <span class='ocrx_word' id='word_1_199' title='bbox 736 3722 770 3764; x_wconf 92' lang='lat' dir='ltr'><strong>se</strong></span> <span class='ocrx_word' id='word_1_200' title='bbox 793 3696 943 3799; x_wconf 80' lang='lat' dir='ltr'><strong>proderet</strong></span> <span class='ocrx_word' id='word_1_201' title='bbox 969 3713 1002 3766; x_wconf 93' lang='lat' dir='ltr'><strong>et</strong></span> <span class='ocrx_word' id='word_1_202' title='bbox 1027 3713 1196 3793; x_wconf 87' lang='lat' dir='ltr'><strong>tamquam</strong></span> 
     </span>
     <span class='ocr_line' id='line_1_30' title="bbox 223 3815 1215 3916; baseline 0.007 -33"><span class='ocrx_word' id='word_1_203' title='bbox 223 3815 259 3884; x_wconf 90' lang='lat' dir='ltr'><strong>in</strong></span> <span class='ocrx_word' id='word_1_204' title='bbox 288 3815 456 3888; x_wconf 83' lang='lat' dir='ltr'><strong>flammam</strong></span> <span class='ocrx_word' id='word_1_205' title='bbox 488 3829 686 3911; x_wconf 84' lang='lat' dir='ltr'><strong>erumperet.</strong></span> <span class='ocrx_word' id='word_1_206' title='bbox 736 3817 826 3916; x_wconf 77' lang='lat' dir='ltr'><strong>Quid</strong></span> <span class='ocrx_word' id='word_1_207' title='bbox 857 3816 958 3909; x_wconf 89' lang='lat' dir='ltr'><strong>igitur</strong></span> <span class='ocrx_word' id='word_1_208' title='bbox 989 3821 1138 3909; x_wconf 89' lang='lat' dir='ltr'><strong>mirum,</strong></span> <span class='ocrx_word' id='word_1_209' title='bbox 1170 3817 1215 3914; x_wconf 88' lang='lat' dir='ltr'><strong>si</strong></span> 
     </span>
    </p>
   </div>
   <div class='ocr_carea' id='block_1_3' title="bbox 0 0 1395 4584">
    <p class='ocr_par' dir='ltr' id='par_1_3' title="bbox 0 0 1395 4584">
     <span class='ocr_line' id='line_1_31' title="bbox 0 0 1395 4584; baseline 0 0"><span class='ocrx_word' id='word_1_210' title='bbox 0 0 1395 4584; x_wconf 95' lang='lat' dir='ltr'><strong> </strong></span> 
     </span>
    </p>
   </div>
  </div>
 </body>
</html>
