2678 4584
200 265 277 343 ²206
428 271 933 341 utsru‘raulo

193 461 310 535 oculis
339 461 458 532 oblatae
487 461 716 557 respondeant.
765 469 831 533 Has
861 461 916 533 ille
942 462 1094 538 notiones
1119 494 1191 540 ver·

206 599 276 668 set,
307 581 505 676 amplificet,
543 597 701 666 exornet3
733 607 817 652 num
853 583 976 656 idcirco
1009 589 1189 684 quicquam

206 703 261 773 ille
296 701 508 797 religiosior?
557 709 645 788 Aut,
678 702 770 795 quod
799 704 953 776 notiones
984 705 1056 778 illas
1079 709 1190 781 Chris·

206 826 311 893 tiaoas
341 823 479 910 lrabeat,
514 846 556 891 an
580 836 756 917 propterea
790 823 903 895 minus
932 830 1193 901 Muhammeda-

206 969 271 1012 nus
303 942 383 1012 est?
437 951 526 1029 Aut,
562 942 643 1036 quid
680 943 815 1012 interest
847 924 934 1014 inter
968 972 1040 1016 rem
1075 975 1190 1020 veram

207 1079 240 1132 et
265 1060 403 1150 falsam,
434 1063 463 1132 si
493 1062 595 1133 modo
626 1063 718 1131 riieoe
746 1077 961 1158 quaerantur,
996 1074 1123 1138 verane
1145 1096 1191 1143 au

208 1182 295 1261 falsae
324 1183 411 1270 sint,
435 1181 462 1250 .i.
494 1207 523 1252 e.
557 1180 669 1252 solidae
701 1206 745 1274 aq
768 1183 910 1272 inanes,
935 1211 1003 1255 non
1027 1190 1191 1259 curetur?

208 1301 339 1374 Tabula·
368 1303 476 1398 picta,
511 1299 655 1398 almuam
686 1302 834 1374 historia
861 1330 959 1376 sacrae
984 1323 1110 1401 partem
1134 1335 1204 1380 ers-³

206 1423 346 1510 hibent,
366 1421 406 1491 si
438 1420 589 1514 religiose
623 1446 678 1516 me
708 1421 874 1512 movebit,
909 1410 1002 1521 prius
1040 1444 1192 1500 constare

208 1543 330 1628 debet,
363 1543 467 1637 ipsam
503 1542 676 1612 historiam
708 1567 828 1614 veram
856 1571 936 1617 esse.
988 1546 1192 1643 Religiosita·

209 1678 278 1734 tem
303 1663 393 1734 enim
418 1663 483 1733 niti
511 1679 601 1733 certe
629 1677 762 1758 oportet
790 1666 906 1736 soluta
930 1669 1088 1755 notione,
1113 1670 1135 1738 i.
1160 1695 1190 1740 e.

210 1784 443 1880 persuasione,
479 1808 553 1853 esse
586 1781 745 1853 moralem
778 1782 923 1879 aliquam
958 1790 1019 1857 Dei
1056 1802 1090 1858 et
1122 1788 1193 1859 hu-

211 1904 306 1977 maui
332 1903 461 1996 generis
478 1902 778 1973 necessitudinem.
828 1911 899 1975 lam
935 1905 986 1976 fac
1026 1907 1195 2003 aliquem,

212 2022 273 2119 qui
306 2024 348 2091 <le
385 2021 544 2116 religione
577 2048 762 2116 numquam
798 2026 1010 2116 cogitaverit,
1043 2031 1199 2100 accedere

212 2144 256 2212 ad
290 2142 538 2211 necessitudinis
559 2140 660 2210 iltius
694 2139 829 2234 aliquod
863 2142 1062 2237 symbolum.
1120 2153 1198 2221 Non

139 2333 143 2339 ,
208 2249 507 2349 estnbscurum,
544 2259 626 2354 quid
660 2260 814 2331 futurum
848 2261 901 2333 sit.
964 2267 1128 2360 Gignetur
1161 2270 1199 2339 in
1251 2255 1257 2269 ’

213 2383 331 2478 ¹ipsius·
351 2382 464 2455 animo
494 2380 606 2477 aliqua
635 2383 684 2451 tei
714 2388 832 2467 notro3
865 2383 969 2479 ipsam
993 2400 1104 2457 autem
1127 2412 1200 2461 rem

216 2510 328 2577 veram
362 2526 454 2592 esse,
484 2503 506 2572 i.
538 2528 567 2572 e„
602 2517 741 2573 exstare
775 2499 876 2594 illam·
901 2506 1199 2594 necessitudinem,

217 2600 352 2695 nullum
386 2621 574 2719 symbolum
604 2624 636 2692 ei
666 2612 894 2718 peistiadebit..
935 2623 1087 2695 Alterum
1122 2652 1201 2698 vero

219 2748 249 2815 si
279 2746 373 2831 liat,
389 2758 429 2813 ret
443 2743 687 2836 ..rymbolorum
719 2745 885 2838 adspectu
917 2752 1094 2832 notiones,
1112 2771 1202 2839 ,quae

184 2953 186 2958 ‚
210 2866 366 2960 jamze'rr'
392 2869 510 2933 antino
541 2869 682 2950 insint„
697 2869 888 2933 eacuennar
914 2889 962 2934 ac
989 2867 1097 2934 oebali
1115 2874 1207 2937 ueri-

219 2982 487 3077 dr’ores'fiant‘:
506 2985 762 3071 comedamus,
796 2985 882 3054 hane
915 2986 1018 3054 animi
1053 3012 1208 3058 commo·-

219 3092 359 3193 tionemg
384 3129 461 3176 vere
494 3107 691 3200 religiosam·
719 3105 784 3187 dici
817 3129 923 3199 posse.
979 3102 1062 3195 Quis
1095 3121 1208 3179 autem

223 3242 296 3299 uon
318 3220 434 3315 uidet,
454 3226 541 3296 hanc
560 3224 841 3320 religiositatem,
874 3225 938 3294 etsi
962 3227 1211 3298 Catholuomm

115 3438 117 3442 ι
172 3435 175 3439 7
224 3346 389 3441 symbolis
412 3349 597 3434 excitetur,
622 3360 732 3415 tamen
745 3351 1011 3416 praecantium
1035 3373 1120 3436 esse,
1139 3373 1210 3419 non

218 3469 477 3541 flammivomam
491 3471 519 3536 9·
550 3465 851 3543 -Rrotestantismus
871 3462 1001 3556 enim,
1037 3483 1075 3537 ut
1108 3492 1211 3560 supra

222 3591 400 3678 diximus,
431 3593 609 3675 notiones,
639 3583 893 3658 Catholicismus
925 3586 1081 3678 symbola
1105 3600 1213 3656 secta-

151 3704 153 3710 ’
218 3725 296 3779 aur.
349 3716 397 3778 -In
432 3707 498 3779 hoc
534 3708 635 3801 igitur
669 3703 846 3802 symbola,
883 3705 918 3774 in
960 3705 1019 3774 illo
1059 3708 1212 3779 notiones

219 3822 418 3929 praevalent.
466 3835 601 3931 ltaque!
614 3829 675 3926 qui
705 3823 1038 3927 symbola'adhibent
1067 3827 1109 3897 ad
1142 3825 1214 3901 illas

389 3980 427 4021 u.
