2678 4584
415 285 997 410 neocaesaream*
1139 287 1216 397 rs*

210 494 327 570 lerum
342 492 537 567 multitudo
567 518 628 565 nos
658 494 787 584 obruit,
809 519 955 590 eumque
977 517 1091 567 aarum
1114 500 1200 591 pen.

173 617 311 714 ·rplexa
335 613 459 685 indoles
481 628 514 684 et
537 613 691 686 conditio.
707 611 877 706 mliginem
898 614 1003 685 menti
1024 614 1202 737 offunffl

212 761 285 832 quo
317 735 377 820 fit,
407 748 447 802 ut
483 731 647 826 cogitandi
681 731 837 820 facultas,
867 734 962 828 quasi
984 733 1026 804 de
1047 734 1202 831 dissipe--

216 857 308 925 tione
337 855 473 948 istarum
503 853 715 922 tenebrarum
751 852 947 948 deme,
980 855 1191 950 opprimatur

157 981 181 1012 s'
213 989 250 1045 et
272 973 484 1066 impediatur,
508 986 542 1040 et
565 984 634 1041 tota
654 970 837 1044 allectionis
860 969 965 1042 moles
988 973 1025 1044 in
1047 975 1188 1046 sentien-

215 1093 251 1162 di
285 1090 471 1162 facultatem
506 1104 590 1160 ruat.
638 1095 715 1161 Haec
746 1091 850 1184 igitur
885 1089 1021 1161 facultas
1036 1095 1192 1188 potissi)

215 1230 310 1311 raum
343 1209 511 1298 obscum,
540 1208 703 1302 cogitandi
733 1233 834 1298 vero,
858 1212 964 1281 claris
986 1211 1067 1283 ideis
1089 1212 1191 1284 affici-

213 1344 292 1413 tur,
312 1356 403 1425 quae
432 1344 482 1399 est
511 1329 546 1416 in
577 1329 696 1423 Logica
728 1327 900 1424 dispiplina
923 1329 1066 1426 vulgaris
1089 1347 1190 1428 atque

213 1451 386 1520 notissima
420 1449 566 1519 idearum
596 1448 740 1542 partitio.
791 1447 878 1519 Hinc
905 1474 1009 1544 porro
1031 1449 1189 1548 intelligi-

215 1563 315 1656 mus,'
339 1568 398 1663 qui
422 1569 497 1655 fiat,
521 1567 612 1660 quod
633 1565 734 1660 paulo
758 1583 832 1636 ante
856 1568 1016 1659 diximus,
1040 1585 1096 1659 ut,
1119 1597 1194 1666 quo>

215 1689 322 1783 magis
355 1684 458 1757 altera
482 1683 625 1789 ¹facultas
640 1752 643 1759 ,
659 1685 842 1774 afficiatur,
865 1711 904 1756 ac
927 1686 1029 1759 veluti
1052 1708 1192 1761 munere

214 1809 395 1902 fungatur,
415 1830 464 1879 ,eo
487 1804 590 1898 magis
612 1801 715 1875 ultera
737 1803 824 1875 iners
848 1805 905 1876 fiat
926 1821 959 1876 et
983 1808 1077 1901 quasi
1100 1809 1192 1881 into-

214 1927 366 1998 rimatur.
417 1921 620 2019 Simulatque
647 1922 735 1994 enim
756 1926 921 2019 cogitandi
944 1925 1095 1998 facultate
1118 1929 1190 2000 dis-

213 2045 350 2143 pellitur
383 2039 514 2137 caligo,
553 2055 652 2136 atque
686 2067 763 2131 res,
810 2068 883 2138 quar
916 2047 955 2114 ed
979 2046 1188 2122 ,circumfusa

213 2166 342 2249 fenerat,
375 2163 410 2231 in
443 2159 551 2237 lucem
578 2161 803 2255 producitur,
833 2161 962 2234 tollitur
986 2163 1112 2262 aliquid
1145 2168 1188 2239 de

214 2283 379 2369 materia,
404 2281 440 2351 in
472 2304 537 2376 qua
553 2279 699 2363 -facultas
725 2274 884 2353 sentiendi
913 2283 1063 2372 habitat,
1090 2312 1183 2382 quae,

214 2420 256 2474 ut
286 2403 443 2488 diximus,
479 2399 626 2470 idearum
656 2399 853 2472 obscuritate
883 2419 1045 2475 movetur.
1094 2413 1186 2477 Con·-

213 2538 287 2610 tra,
309 2523 337 2591 si
356 2519 520 2613 cogitandi
544 2516 680 2590 facultas
701 2544 721 2588 a
746 2517 856 2589 labore
876 2521 1033 2611 abstinet,
1052 2549 1112 2596 nec
1127 2550 1186 2597 ae·

200 2656 362 2719 ¹curatam
394 2663 506 2710 rerum
541 2636 789 2734 intelligentiam
817 2655 938 2729 curat,
968 2656 1040 2713 tum
1069 2669 1188 2718 omues

215 2764 314 2851 ideae,
341 2759 465 2855 quippe
490 2759 657 2845 obscurae,
690 2783 750 2828 nec
787 2756 974 2861 elaborata,
1001 2740 1185 2864 adsensus

214 2882 373 2961 ditionem
399 2878 573 2975 pertinent.
623 2877 772 2972 Denique
800 2877 884 2948 illud
909 2881 1006 2953 etiam
1040 2884 1186 2957 animad-

214 3001 300 3073 verti
327 2998 449 3085 uelim,
469 2997 627 3068 obscuris
651 2997 730 3067 ideis
758 2999 906 3069 animum
934 3000 1185 3085 vehementius,
1228 3053 1232 3065 ·

216 3146 320 3215 qnam
355 3117 468 3205 claris,
489 3116 624 3187 moveri.
673 3121 760 3186 Tum
785 3115 874 3187 enim
898 3097 987 3187 nasci
1013 3118 1096 3191 solet
1115 3121 1193 3193 cla·-

214 3266 252 3311 ra
276 3239 324 3308 rei
351 3237 439 3322 idea,
464 3260 541 3307 eum
560 3258 632 3304 eam
653 3260 725 3303 rem
744 3237 790 3304 ita
808 3261 826 3305 a
849 3237 962 3330 quavis
983 3235 1045 3307 alia
1065 3242 1186 3321 redis·

206 3359 418 3451 tinguimus,
446 3369 482 3424 ut
512 3353 654 3424 solitaria
679 3379 717 3423 ac
741 3356 915 3448 separatim
941 3358 1044 3427 menti
1062 3376 1188 3433 nostrae

131 3514 135 3521 -
212 3479 418 3552 obversetur.
468 3474 530 3544 Sed
553 3499 624 3543 earn
643 3473 745 3569 ipsam
768 3473 812 3542 ob
827 3496 957 3544 causam
978 3477 1037 3564 fit,
1060 3494 1098 3548 ut
1116 3506 1183 3552 una

210 3623 250 3668 ac
282 3593 454 3689 singularis
481 3618 533 3662 res
563 3617 663 3661 unam
690 3606 819 3662 tantum
843 3594 960 3664 excitet
980 3610 1012 3664 et
1033 3595 1182 3691 singula-

212 3740 282 3787 rem
319 3714 434 3784 ideam.
484 3711 631 3780 Obscura
660 3725 769 3780 autem
801 3704 872 3781 idea
899 3727 950 3782 est
981 3712 1068 3783 illius
1101 3718 1178 3808 rei,

156 3854 159 3861 ·
209 3858 310 3931 quam
332 3857 401 3904 non
421 3831 467 3903 ita
482 3827 523 3903 ab
543 3829 634 3902 omni
654 3826 771 3907 aliare
789 3833 960 3931 sejungere
978 3856 1176 3937 possumus²
