2678 4584
306 342 309 346 ,
383 284 965 373 nr'ttttsutctstto
1115 295 1162 385 45

184 477 302 559 tutus
316 485 465 555 Pietistas
480 482 638 553 clamores
659 470 738 554 sunt
757 483 887 557 sublati.
930 485 1049 558 Altiori
1064 488 1164 560 etiam

183 616 265 677 'tone
292 603 479 699 'theologos
504 603 538 673 in
568 603 751 674 libertatem
779 630 921 676 asserere
947 609 1056 678 eonati
1084 623 1164 680 sunt

178 728 389 796 ‚lllomastbs
425 739 458 794 et
490 722 651 818 Pfaffius.
719 725 848 794 Animis
879 725 929 796 sio
956 725 1163 822 aliquantum

184 841 357 930 emollitis,
389 842 547 940 paulatim
580 842 644 938 legi
675 852 886 939 coepta'sunt
915 827 1040 943 scripta*
1067 845 1164 918 aliter

183 957 414 1049 sentientium,
445 970 704 1035 Socim'auomm
726 965 992 1060 potissimumet
1015 973 1164 1040 liemon-³

181 1074 381 1170 seruantem,
415 1108 561 1180 quorum
591 1080 640 1152 illi
660 1079 805 1178 'ingenio
837 1098 872 1154 et
897 1083 1097 1175 subtilitate,
1123 1088 1161 1157 bi

146 1275 152 1278 ,
182 1230 260 1276 vero
288 1205 381 1275 omui
410 1204 567 1273 doctrina
598 1218 632 1274 et
650 1203 852 1275 eruditionis
871 1230 1006 1300 genere,
1030 1221 1162 1279 tantum

184 1316 668 1409 orthodoxis'anteoellebant,
697 1339 823 1418 quanto
850 1348 966 1395 eorum
998 1327 1162 1417 judicium

181 1446 224 1514 ab
250 1434 461 1514 auctoritatis¹
478 1445 632 1512 humanm
661 1442 802 1513 vinculis
823 1458 892 1514 erat
912 1443 1058 1517 liberius.
1108 1447 1165 1518 Ab

181 1565 305 1635 borum
332 1563 425 1632 libris
455 1564 496 1630 ad
524 1563 644 1656 scripta
673 1568 864 1630 Desistmum
895 1566 1165 1660 Anglabanomm

182 1686 281 1755 fiebat
318 1664 535 1779 progressi03
578 1681 799 1776 sequebamur
838 1682 955 1752 Deistae
992 1691 1160 1758 Franct‘ci.

180 1814 265 1876 Cum
289 1805 346 1890 hi,
373 1819 446 1871 tum
472 1800 536 1889 illi,
557 1799 715 1898 pleraque
745 1799 884 1888 stolide,
905 1803 1072 1900 imp-erite,
1092 1806 1161 1878 ima

180 1927 372 2022 pudentem
408 1923 464 1992 sed
496 1921 573 1991 satis
600 1921 642 1990 ad
672 1922 929 1993 commotionem
957 1906 1158 2000 animorum.

182 2053 296 2142 Neque
315 2045 500 2114 Deistarum
523 2055 652 2111 tantum
674 2042 813 2138 scripta,
832 2042 890 2112 sed
905 2044 1004 2116 etiam
1024 2048 1159 2139 eorum,

181 2169 237 2264 qui
266 2166 433 2259 religionis
457 2188 586 2233 causam
615 2163 770 2232 adversus
784 2163 922 2236 ‘Deistas
946 2167 1024 2236 tuiti
1044 2185 1159 2260 erant,

181 2292 215 2358 ‘rn
235 2287 441 2358 Germaniam
462 2282 628 2355 translata.
678 2284 838 2379 cognosci
858 2302 1030 2382 coeperunt
1049 2303 1083 2358 et
1096 2314 1158 2362 no··

72 2475 80 2481 ,
181 2409 271 2478 mina
290 2422 321 2475 et
339 2405 447 2474 studia
466 2405 630 2490 Clarelu‘i,
652 2404 838 2491 lebtoui,
857 2404 1008 2499 Taylorc',
1022 2409 1164 2498 Laelii:

181 2534 346 2611 demoni,
380 2525 569 2611 Lardrtert‘,
582 2606 593 2618 ,
606 2519 758 2592 aliorum.
787 2570 790 2574 -
817 2527 897 2592 Orta
934 2540 984 2595 est
1010 2527 1158 2623 pbiloso-

182 2650 259 2747 pbia
286 2645 465 2732 Wolfiana,
494 2643 535 2712 ad
571 2641 666 2737 cujus
681 2695 684 2698 -
697 2643 926 2735 auctoritatem
938 2697 950 2733 ‚
987 2658 1157 2744 tamquam

181 2794 301 2841 aurum
316 2767 362 2843 *ad
383 2767 574 2851 obrussam,
597 2764 787 2856 Dogmatica
809 2763 908 2860 ooepit
923 2766 1021 2863 exigi.
1071 2771 1160 2846 Hine

162 2861 288 2961 'multa
313 2902 350 2957 et
380 2883 533 2956 subtilius
560 2896 593 2954 et
623 2882 768 2955 liberius.
830 2886 962 2956 Exstitit
996 2892 1160 2962 Borussim

180 3019 250 3080 Rex
272 3007 461 3078 Frulericus
483 3003 664 3073 Secundam.
715 3007 790 3096 Ipse
809 2999 914 3107 libero
939 3005 980 3075 tle
999 3005 1162 3102 religione

179 3129 303 3224 judicio
321 3151 421 3212 usus,
442 3121 550 3197 noluit
573 3122 693 3194 civium
720 3146 858 3194 suorum
889 3123 1019 3219 ingenia
1035 3127 1155 3200 vincu-

178 3251 220 3322 lis
244 3245 458 3338 constringi„
485 3231 624 3312 Publioa'
651 3242 844 3315 auctoritate
879 3246 1074 3319 annunciata
1106 3268 1157 3328 est

177 3367 357 3452 sentiendi,
379 3362 583 3449 disserendi,
608 3360 770 3431 scribendi
789 3358 941 3452 libertas,
959 3365 1059 3466 paulo
1076 3386 1158 3466 post,

178 3494 214 3563 in
239 3486 486 3584 protervitatem
520 3481 659 3550 abitura.
710 3480 799 3570 Quid
822 3499 928 3555 oetera
952 3489 1155 3585 persequar?

171 3613 319 3681 curante
348 3604 517 3674 Friderico
542 3601 688 3674 Nicoma
707 3600 815 3674 scribi·
833 3603 952 3698 edique
972 3606 1071 3700 coepit
1088 3631 1154 3702 po-

174 3728 285 3826 pulari
306 3748 456 3796 sermone
474 3719 608 3791 celebris
626 3718 681 3789 illa
698 3720 907 3798 Bibliotheca
926 3727 1152 3820 universam,
1192 3775 1196 3780 -

172 3849 270 3946 eujus
299 3858 422 3946 quauta
443 3842 486 3925 ¹in
517 3865 651 3927 omxrem
680 3839 887 3938 disciplinam
917 3842 1150 3944 Theologienm
