2678 4584
383 299 963 402 ns'it'i’si’tcrssstto
1093 283 1198 402 Μ,

64 580 67 582 ,
189 536 285 599 mus,
322 538 428 610 pauca
453 511 619 583 monenda
647 524 734 581 sunt.
784 507 922 580 Etiamsi
952 507 1108 582 Kanum
1135 523 1174 581 et

190 638 267 706 Feci
263 641 341 704 ttius
362 635 408 704 ita
432 633 568 703 fuissent
591 629 838 727 philosophati,
859 643 897 697 ut
922 653 1038 733 corum
1054 626 1176 719 doctri

190 779 234 824 na
257 752 385 823 nullam
406 755 541 822 haberet
564 777 644 822 eum
658 751 864 847 Mystieismo
880 749 1176 843 conjunctionem,

191 874 372 969 quinetiam
401 875 427 942 si
459 895 578 943 eorum
607 871 694 942 ratio
715 878 857 966 prorsus
877 868 1085 964 Mysticismo
1100 864 1174 937 ‘ad-

192 1008 318 1064 versata
351 994 485 1080 ficisset,
518 1006 630 1062 tannen
659 988 794 1061 silentio
821 1013 881 1059 eos
911 987 1084 1083 praeterire
1102 990 1175 1060 non
1282 1044 1290 1053 „

192 1113 424 1206 potuissemus
474 1097 562 1180 Cuin
589 1111 681 1180 enim
709 1122 936 1206 quaereretur,
962 1107 1045 1202 quid
1067 1088 1179 1208 causae

190 1246 290 1317 esset,
323 1256 384 1300 cur
414 1228 521 1300 multi¹
534 1245 648 1300 nostra
670 1227 990 1322 aetate'Mysticismo
1014 1252 1054 1296 se>
1072 1227 1177 1297 dede·

192 1365 286 1438 rent,
309 1348 540 1418 declarandum
564 1349 755 1435 videbatur,
780 1346 885 1442 qualis
908 1362 993 1416 esset
1012 1348 1076 1415 hoc
1093 1333 1178 1416 tent*

191 1493 276 1564 pore
305 1467 528 1562 philosophie-
548 1481 664 1537 status„
711 1467 773 1536 Cui
797 1467 912 1536 cilicio
932 1491 1012 1536 eum
1034 1452 1176 1537 satisfie-

192 1589 223 1656 ri
253 1613 323 1656 non
354 1601 490 1681 posset,
505 1587 569 1656 nisi
593 1584 852 1680 intelligeretur,
877 1613 957 1682 quer
973 1600 1057 1656 esset
1081 1566 1176 1681 praess·

144 1698 147 1703 ’
190 1707 388 1802 cipuarum,
422 1731 499 1801 quae
521 1708 582 1776 hac
606 1721 699 1776 aetate
722 1706 907 1776 exstiterint
930 1721 964 1775 et
986 1707 1103 1802 adhuc
1119 1730 1176 1776 ex·

188 1827 331 1910 sistant,
357 1824 547 1896 scholarum
571 1826 662 1895 inter
680 1849 715 1895 se
738 1826 966 1914 necessitudo,
989 1825 1031 1894 de
1053 1825 1174 1894 Scaela

190 1947 300 2041 ‘langiu
330 1946 437 2015 dicere
460 1971 529 2015 uon
553 1961 765 2040 poteramus,
796 1945 859 2015 nisi
882 1947 975 2040 prius
999 1945 1045 2015 de
1063 1945 1181 2015 Kan-

194 2071 241 2135 u'o
271 2072 319 2136 ae'
338 2066 381 2134 de
408 2065 541 2138 melun
571 2064 779 2140 dixissemus.
833 2066 1029 2162 Schellr'ngii'
1061 2066 1178 2154 ratio,

194 2199 235 2254 ut
265 2211 353 2254 mox·
378 2183 585 2273 videbimus,
614 2211 684 2254 non
715 2199 845 2255 tantmn
868 2185 910 2254 ad
933 2172 1176 2283 Mystieismum
1218 2197 1220 2201 ’

193 2297 309 2392 ducit,
344 2295 444 2374 scd
435 2328 505 2398 ipsa
535 2329 618 2398 per
627 2328 662 2374 se
694 2307 832 2399 mystica
860 2320 920 2375 est.
970 2311 1086 2400 Itaque
1109 2316 1176 2394 ω’,

195 2429 298 2518 quam
332 2439 534 2509 tractamus,
559 2422 700 2517 quaestio
721 2423 968 2534 quodammodo
992 2426 1104 2494 eadem
1128 2437 1179 2494 est

192 2558 298 2638 atque
325 2541 398 2613 illa:
430 2567 490 2614 cur
513 2543 629 2612 Sekell
625 2548 719 2637 ruglo
742 2523 812 2614 liaec
835 2545 1048 2644 potissimum
1069 2542 1180 2638 philo·

193 2663 360 2758 sophandi
392 2663 476 2732 ratio
506 2660 702 2758 placuerit?
750 2662 812 2731 Cui
840 2664 1013 2760 questioni
1043 2686 1178 2760 respon·

131 2809 134 2812 ·
198 2781 268 2851 deri
299 2809 367 2852 non
398 2797 528 2878 potest,
558 2781 622 2851 nisi
652 2795 728 2851 ente
751 2784 994 2871 consideretur,
1018 2784 1053 2852 in
1078 2795 1179 2878 quain
1263 2774 1284 2786 '⁴

196 2899 417 2996 philosophiae
441 2900 663 2987 conditionem
687 2903 908 2996 Schellz'ngt'us
932 2902 1100 2990 inciderit,
1124 2898 1180 2973 am

193 3035 333 3114 ¹tequam
369 3047 462 3090 suam
497 3022 566 3116 ipse
599 3019 783 3091 doctrinam
819 3037 1039 3116 expromeret.
1110 3029 1184 3093 Hoc
1227 3074 1228 3078 =

201 3139 290 3207 enim
320 3164 396 3209 cum
428 3139 626 3210 declaratum
657 3154 728 3228 est,
756 3165 866 3235 quare
890 3143 1075 3236 superiores
1089 3142 1181 3238 -pht-
1263 3173 1299 3234 ,j

198 3256 330 3352 losophi
361 3261 564 3356 Schelli'ngtb
597 3285 665 3331 non
700 3268 837 3354 prorsus
871 3259 1071 3355 placuerint,
1105 3277 1181 3334 tum

194 3378 335 3448 demum
366 3405 476 3467 novae,
508 3406 608 3475 quam
641 3378 711 3475 ipse
742 3374 906 3470 condidit,
937 3381 1058 3454 scholae
1079 3389 1181 3489 ‘eausa

200 3523 239 3569 ae
263 3498 362 3568 ratio
361 3497 510 3595 intelligi
536 3502 657 3595 potest.
1151 3510 1155 3519 '

250 3626 384 3709 Quanto
415 3635 525 3688 autem
549 3618 653 3714 magis
677 3619 719 3690 de
745 3592 884 3691 Kanno
905 3646 943 3692 ac
965 3622 1094 3694 Fz'chtt'c)
1118 3610 1181 3696 ne-

199 3764 288 3811 eesse
312 3739 407 3810 nobis
436 3753 506 3809 erat
528 3739 657 3828 dicere,
684 3731 766 3809 eum
784 3741 932 3837 ipsorum
952 3725 1086 3839 quoque
1103 3747 1181 3842 phi·

196 3857 400 3957 ·losophandi
433 3858 535 3954 ratio,
559 3874 614 3933 ut
639 3859 805 3954 ildinus,
838 3859 955 3935 multis
987 3859 1181 3972 nominibus
