2678 4584
363 268 683 356 mmmmm
705 272 973 358 mmomo.
1120 248 1170 364 sa·

174 724 233 739 '·
337 822 339 832 A
405 758 430 770 ›-
506 717 832 800 enpust.

171 1003 177 1011 ⁶
283 968 617 1053 us'rnmsenms
639 960 889 1055 ursuni-sur
910 987 1065 1058 onnus.

163 1261 453 1402 *Germanum
481 1328 690 1423 cogitabatis,
724 1329 795 1402 Viri
824 1332 1057 1424 eruditissimi,
1090 1359 1169 1407 eum

179 1449 335 1544 hanc-de
362 1452 566 1546 Mysticismo
598 1450 817 1544 quaestionem
843 1453 1020 1545 poneretis.
1070 1461 1171 1525 Recto

164 1579 296 1641 'antem
318 1573 502 1658 sumsistis,
535 1586 574 1640 ut
601 1596 671 1639 rem
694 1571 771 1640 satis
799 1566 987 1666 cognitam,
1012 1601 1034 1643 a
1054 1574 1170 1646 multis

165 1692 220 1760 ‘in
245 1694 417 1760 Germania
446 1691 499 1760 his
516 1689 725 1784 temporibus
746 1705 938 1760 revocatum
962 1718 1031 1762 esse
1048 1695 1171 1788 Mysti-

164 1813 343 1897 'eismum,
366 1827 465 1906 atque
487 1810 534 1880 ‘in'
561 1836 600 1880 eo
626 1810 706 1906 poni
733 1809 839 1887 solere
864 1811 933 1882 vim
952 1836 990 1883 ao
1014 1801 1171 1890 naturam
1208 1805 1215 1820 ⁸

92 1999 94 2003 .
180 1932 361 2026 religionis.
410 1931 510 2021 Quod
539 1931 602 2000 nisi
631 1931 675 2000 ita
706 1910 879 2022 fecissetis,
908 1935 1004 2004 nobis
1032 1936 1170 2032 quidem

163 2055 337 2124 'omnium
363 2053 511 2148 primurn
533 2052 599 2122 hoc
625 2051 739 2121 fuisset
762 2053 950 2148 agendum,
974 2070 1013 2125 ut
1041 2071 1075 2126 et
1098 2082 1171 2128 esse

94 2158 98 2164 ’
160 2190 260 2242 'uere
283 2173 545 2268 Mystieismum,
570 2197 671 2266 quem
685 2174 751 2244 Vos
771 2173 816 2242 ita
833 2173 1061 2270 appellareris,
1084 2186 1169 2274 pro-
1254 2187 1258 2193 ”

165 2293 352 2381 meremus,
371 2308 404 2362 et
422 2295 492 2384 ejus
514 2306 666 2360 naturam
692 2288 941 2387 expiicaremus.
992 2301 1090 2366 Nune
1110 2320 1170 2368 au·

182 2428 253 2484 tem
280 2440 349 2484 non
376 2439 460 2507 opus
487 2427 555 2498 est,
583 2426 623 2481 ut
656 2413 721 2481 hoe
746 2411 905 2509 singulari
931 2413 1040 2508 aliqua
1067 2417 1171 2510 hujus

181 2535 373 2630 scriptionis
396 2547 490 2632 parte
517 2553 675 2626 agamus:
712 2555 789 2600 eum
822 2547 934 2601 autern
965 2533 1035 2604 fore
1067 2535 1171 2632 hujus

136 2669 160 2725 J
182 2656 416 2751 disputationis
439 2677 574 2722 cursum
597 2652 816 2737 arbitramur,
838 2665 878 2720 ut
898 2650 1016 2744 hujus,
1039 2655 1171 2751 dequo

156 2788 164 2795 ’“
182 2802 276 2847 nunc
300 2778 478 2872 quaeritur,
500 2771 693 2869 Mysticismi
714 2786 832 2843 natura
857 2797 898 2841 ex
923 2773 980 2861 iis,
1007 2801 1081 2870 quae
1098 2777 1169 2847 die·
1228 2767 1234 2779 ’

182 2897 253 2967 turi
280 2922 413 2982 sumus,
435 2893 528 2966 facile
555 2890 692 2987 inteliigi
721 2905 829 2986 queat.
879 2897 929 2962 Eo
955 2909 1069 2963 autem
1089 2921 1170 2991 gra·
1197 2971 1198 2976 γ

181 3017 251 3087 tius
273 3017 376 3106 ,nobis
403 3015 537 3101 accidit,
564 3011 655 3110 quod
679 3011 714 3080 in
734 3011 797 3080 hae
814 3035 911 3080 causa
937 3014 1033 3082 nobis
1054 3015 1169 3086 brevia

133 3145 135 3148 ’
175 3136 257 3207 ·1)υε”
281 3163 350 3208 esse
377 3134 470 3223 iicet,
496 3135 590 3231 quod
621 3144 759 3227 propter
781 3129 916 3225 reliquae
942 3133 1087 3225 materiae
1107 3160 1170 3206 co-

151 3257 298 3353 'piam,
335 3256 421 3326 hanc
458 3253 715 3350 disputationem
747 3248 845 3322 solito
880 3249 1068 3345 longiorem
1098 3257 1172 3348 fore

175 3378 343 3448 uidemus.
393 3377 564 3473 Mystieam
583 3372 686 3468 igitur
702 3372 743 3440 de
759 3369 919 3464 religione
939 3375 1100 3444 sentiendi
1118 3403 1171 3446 ra·

148 3508 154 3516 '
180 3501 307 3569 tionem
326 3523 403 3568 oum
423 3495 522 3566 multi
542 3510 656 3565 nostro
675 3508 826 3588 tempore
847 3489 1008 3588 Theologi
1034 3520 1072 3565 ac
1091 3497 1173 3590 Phi·⁴

147 3624 159 3632 ”
181 3616 316 3714 iosophi
337 3633 535 3714 sequantur,
555 3615 702 3713 quaeritis
722 3615 824 3712 hujus
846 3614 893 3683 rei
912 3628 1035 3684 causas
1085 3624 1173 3708 Quot

116 3801 122 3814 ,
181 3743 299 3808 Vestra
320 3739 481 3832 quaestio,
502 3736 572 3807 Viri
599 3732 831 3821 eruditissimi,
855 3735 883 3803 si
902 3759 945 3803 eo
963 3733 1106 3825 valeret,
1127 3755 1180 3811 ut·

181 3857 417 3936 declarandum
452 3856 550 3932 nobis
594 3871 703 3946 esset,
738 3854 863 3955 quibus
897 3856 1003 3940 cauus
1045 3859 1174 3960 smgule'
