2678 4584
323 270 938 368 'nsnrsrrcssuo
1067 317 1139 391 ²7⁷

167 513 275 584 ,quare
310 489 484 581 quicquam
514 490 639 558 existat.
689 493 761 557 Hoc
790 511 868 557 vero
898 510 966 555 non
990 498 1059 571 est,
1083 509 1140 552 re-

172 609 327 702 tigranem
345 614 521 702 proprium
537 631 609 675 esse
632 621 767 675 uaturae
791 607 969 690 amano,
985 602 1041 673 sed
1056 626 1143 697 pro-

166 734 282 819 prium
315 752 388 796 esse
420 732 562 795 rationis
595 725 776 830 humanae,
811 739 866 811 ut,
900 726 1061 816 cratesque
1093 725 1148 790 rei

93 930 95 934 ι
174 870 248 914 esse
281 845 399 913 debere
430 846 583 938 aliquam
618 868 782 930 causam,
815 843 985 912 existimet.
1043 838 1144 928 Quod

177 964 309 1057 quidem
340 962 474 1032 rationis
504 963 663 1055 judicium
695 963 723 1031 si
745 962 939 1031 transfertur
967 959 1009 1029 ad
1042 984 1150 1029 mun-v

178 1082 279 1167 dum,
311 1081 455 1151 nascitur
488 1082 676 1174 persuasio,
710 1106 778 1151 esse
811 1087 943 1151 Numen
973 1077 1145 1168 divinum3

181 1201 268 1269 idem
293 1199 320 1268 si
343 1199 384 1267 ad
409 1197 553 1268 tabulam
584 1200 704 1292 pictam
735 1214 792 1268 aut
816 1200 857 1267 ad
880 1199 1017 1268 domum
1042 1213 1153 1277 trans-

180 1319 307 1404 fertur,
327 1319 434 1411 pictor
457 1318 617 1410 cogitetur
639 1334 697 1388 aut
719 1318 921 1399 architectus,
936 1342 1064 1385 necesse
1089 1330 1170 1393 est„

180 1444 254 1507 Non
278 1437 380 1530 magis
403 1437 504 1530 igitur
534 1451 659 1506 naturae
689 1438 826 1522 divinae,
858 1461 957 1531 quam
980 1435 1150 1507 architecti

178 1572 236 1625 aut
267 1557 400 1649 pictoris
434 1556 608 1649 cogitatio,
640 1558 775 1652 propria
798 1571 846 1627 est
869 1557 1004 1625 rationis
1027 1557 1150 1631 huma·

166 1701 255 1762 nae,
279 1677 341 1745 nisi
366 1677 455 1770 quod
489 1675 544 1745 illa
568 1677 671 1769 magis
695 1676 845 1747 omnium
869 1675 1042 1744 hominum
1065 1699 1153 1744 com·
1186 1751 1188 1759 ,

182 1795 292 1865 munis
326 1810 395 1883 est,
431 1796 537 1890 quia,
560 1810 598 1864 ut
626 1797 670 1864 ita
698 1795 823 1882 dicam,
858 1796 1001 1866 mundus
1027 1794 1152 1887 ubique

169 1915 293 1997 adest,
318 1916 359 1984 ab
389 1916 543 1985 omnibus
567 1913 771 2012 adspicitur,
794 1916 937 2010 pertinet
961 1914 1001 1982 ad
1024 1919 1170 1983 omncs!

231 2041 312 2124 Quae
348 2058 424 2103 cum
456 2034 501 2103 ita
531 2034 615 2122 sint,
649 2033 843 2128 insculptam
878 2058 947 2104 esse
975 2033 1153 2102 hominum

181 2154 299 2223 animis
334 2152 546 2246 religionem,
586 2178 654 2223 non
697 2177 803 2247 neg03
841 2153 1002 2223 contendo
1041 2153 1155 2221 etiam.

131 2256 149 2355 J
182 2273 269 2341 Illud
298 2297 376 2341 vero
407 2273 504 2340 etiam
535 2286 633 2364 atque
663 2272 760 2340 etiam
790 2296 895 2364 nego,
919 2286 977 2340 aut
1000 2277 1150 2366 uguitio·

181 2416 259 2461 uem
282 2397 348 2459 Dei
366 2414 403 2458 ac
433 2391 624 2482 religionem
659 2389 746 2458 idem
776 2414 912 2482 prorsus
943 2391 1147 2482 significare,

183 2525 240 2580 aut
265 2511 436 2603 utriusque
468 2509 516 2576 rei
551 2531 657 2576 unum
681 2531 749 2576 esse
772 2507 979 2601 eundemque
1003 2507 1151 2596 fontem,
1219 2520 1221 2524 '

185 2645 263 2716 aut,
288 2630 314 2698 si
339 2628 472 2722 quidem
494 2627 681 2722 persuasio,
705 2633 810 2694 Deum
833 2651 925 2712 esse,
950 2623 1064 2720 religio
1089 2651 1152 2722 ap-
1254 2656 1259 2671 ¹

185 2748 334 2844 pellanda
365 2748 430 2836 sit,
459 2747 524 2816 hoc
556 2771 653 2815 sensu
686 2743 876 2838 religionem
909 2746 954 2814 ita
983 2747 1153 2840 propriam

187 2895 256 2939 esse
279 2883 403 2939 naturae
427 2868 599 2952 humanae,
626 2881 664 2935 ut
687 2865 778 2935 omni
802 2865 1047 2934 ratiocinatione
1071 2866 1166 2953 antif,

187 2991 285 3084 quior
309 2989 375 3065 sit,
409 2991 476 3056 Nos
500 2986 621 3080 igitur,
647 3000 685 3054 ut
708 2999 853 3053 nostram
877 2982 1051 3077 aliquando
1076 3009 1154 3067 sen,-

186 3109 321 3177 teutiam
345 3106 543 3200 aperiamus,
575 3130 651 3175 cum
676 3098 868 3196 religionem
894 3101 927 3169 iu
950 3116 1067 3181 natura
1090 3104 1168 3188 hu·v

188 3252 284 3296 mana
308 3227 473 3296 fundatam
502 3249 571 3309 esse
599 3223 763 3308 dicimus,
800 3225 865 3292 hoc
888 3219 1058 3310 volumus,
1083 3248 1153 3294 esse
1191 3256 1194 3261 ·

186 3346 309 3440 aliquid
349 3345 384 3413 in
423 3345 598 3416 hominum
638 3345 779 3441 animis,
815 3341 907 3411 omni
944 3342 1155 3413 meditatione

187 3465 375 3558 antiquius,
408 3465 519 3557 quod,
555 3462 690 3532 simulac
720 3463 824 3548 ratio,
859 3467 965 3531 Deum
995 3486 1084 3545 esse,
1109 3462 1156 3530 ef

189 3585 317 3671 fecerit,
355 3583 449 3652 nohis
479 3582 690 3676 persuadeat,
712 3580 828 3651 divinae
853 3595 886 3649 et
911 3584 1062 3649 humanae
1088 3604 1152 3650 na-

188 3721 271 3775 turae
304 3718 428 3772 exstare
458 3700 547 3810 illam
579 3699 867 3787 necessitudinem,
903 3700 938 3768 in
972 3723 1037 3793 qua
1061 3699 1159 3795 posi--

173 3841 262 3895 tum
286 3824 328 3894 sit
352 3822 463 3894 omnis
483 3820 649 3916 religionis
672 3821 933 3892 fundamentum.
980 3816 1073 3890 Istud
1096 3843 1154 3889 au·
1179 3918 1185 3926 ι
