2678 4584
369 308 953 382 neuasatcasat-n.
1086 311 1160 409 269

174 524 237 595 ant
258 513 343 578 Deus
362 529 431 575 esse
450 503 621 574 crederent
648 500 723 599 (z)-l
745 508 788 573 Et
808 499 903 588 facile
924 501 1058 599 quidem
1077 530 1160 576 con-

179 630 348 715 cedimus,
382 623 727 712 ittam„f1den‚esse
762 647 897 709 numen·
914 625 1083 714 dz’vt'num,
1115 627 1160 697 ita

180 772 250 830 esse
275 769 352 815 cum
378 741 536 835 religione
566 739 796 837 conjunctam,
824 756 866 812 ut
892 743 995 814 altera
1021 762 1164 840 nequeat

174 868 223 958 ab
250 865 350 942 altera
380 861 495 951 avelli,
526 861 584 931 sed
609 861 794 932 docendum
827 878 918 951 erat,
947 863 1052 959 qualis
1078 881 1168 963 esset
1267 919 1269 923 -

179 985 236 1057 illa
264 982 460 1078 conjunctio.
510 974 545 1052 s'i
574 982 664 1052 enim
688 982 824 1053 rationis
851 985 1066 1074 auctoritate,
1093 989 1161 1055 sive

180 1103 246 1174 alia
276 1127 474 1198 quacunque
506 1101 549 1170 de
581 1126 678 1172 causa
711 1101 864 1173 homines
894 1104 960 1173 sibi
994 1130 1162 1199 persuase-

181 1224 270 1309 rint,
302 1248 375 1292 esse
408 1235 573 1290 naturum
602 1202 780 1307 ilt'vinatri,
814 1245 885 1291 non
920 1225 1078 1313 continuo
1108 1251 1164 1296 se·

79 1378 83 1398 a
181 1345 319 1440 quitur,
356 1365 412 1410 eos
446 1335 576 1410 <endem
616 1339 661 1408 de
697 1336 811 1410 causei
843 1339 915 1410 sibi.
942 1346 1163 1437 persuasisse,

182 1488 254 1534 eam
293 1442 444 1530 naturam
472 1457 627 1553 religioso
666 1457 760 1530 cultu
791 1485 862 1532 esse
880 1465 1186 1556 ·pr0sequendam.'
1263 1500 1265 1504 ·

78 1574 94 1601 χ
182 1581 281 1656 Aliud
305 1581 395 1649 enim
409 1577 503 1673 ‘quid
530 1592 579 1648 est
592 1632 601 1666 ,
624 1583 733 1660 Deum
758 1604 852 1668 esse,
879 1580 1028 1668 credere,
1050 1582 1162 1673 aliud,

182 1701 246 1772 sibi
275 1698 491 1795 persuadere,
519 1697 579 1781 Dei
607 1712 641 1767 et
662 1697 803 1767 humani
832 1699 961 1792 generis
984 1726 1055 1771 eam
1079 1705 1164 1774 exis·
1280 1759 1283 1764 .

181 1835 251 1903 tere
276 1818 573 1906 necessutulim,
599 1817 634 1885 in
659 1842 725 1912 qua
745 1818 864 1912 aeltgz'o
887 1820 1043 1891 cernitur.
1078 1829 1164 1894 Sunt

184 1939 341 2035 quidem,
362 1952 406 2018 3ut
434 1936 598 2025 diximus,
626 1936 679 2006 he
710 1961 762 2007 res
793 1936 973 2008 arctissime
1002 1941 1165 2040 conjunc-
1222 1916 1226 1928 .

182 2075 246 2146 tae,
282 2059 339 2129 sed
372 2056 456 2127 nihil
495 2055 655 2153 impedit,
687 2056 868 2151 quonimus
901 2084 1015 2130 earum
1049 2087 1162 2136 causas
1210 2112 1212 2121 ·

183 2204 222 2249 ae
257 2177 358 2248 veluti
394 2177 500 2247 tontes
533 2175 681 2247 diversos
715 2199 784 2247 esse
820 2202 936 2273 posse,
969 2195 1161 2256 statuamus.

183 2304 237 2367 Et,
262 2297 398 2367 omnino
436 2295 556 2364 diversi
592 2295 693 2365 fuisse
733 2296 897 2368 videntur.
958 2307 1166 2400 Quacunque

182 2417 271 2491 enim
302 2416 355 2485 via
385 2414 538 2483 barbaras
572 2413 721 2482 nationes
761 2439 801 2484 eo
832 2417 1022 2510 perduxerit
1052 2425 1160 2512 ratio,

90 2582 93 2587 .
184 2550 225 2605 ut
247 2541 331 2605 Deos
354 2556 444 2620 esse,
468 2530 638 2601 crederent
665 2530 738 2628 (a),
764 2557 840 2602 cave
863 2535 997 2625 credas,
1022 2542 1159 2612 candem

172 2642 346 2723 'nationem
379 2677 433 2721 eas
463 2646 678 2744 theologiam
711 2648 853 2747 aliquam
885 2656 1075 2728 Naturalem
1098 2661 1163 2732 dc-

182 2773 310 2860 cuisse,
334 2773 380 2841 ita
403 2769 634 2859 infamatam,
664 2784 704 2840 ut
734 2771 811 2858 inde
835 2774 948 2845 subtili
971 2783 1161 2877 argumenti

65 2968 68 2975 f
184 2891 395 2973 conclusione
418 2890 590 2977 necessitas
613 2888 780 2985 religionis
802 2893 987 2971 efficeretur
1013 2897 1076 2994 (b).

221 3212 270 3282 (z)
294 3210 337 3262 sic
363 3209 487 3275 faciunt,
519 3227 554 3262 ne
580 3211 649 3262 aliua
675 3210 865 3278 nominemus,
899 3215 932 3266 G.
958 3215 995 3268 E.
1025 3179 1158 3284 Schulze',

187 3305 336 3357 Grundriaa
360 3306 409 3355 der
433 3303 540 3356 Philon.
566 3304 733 3358 Waaemelt.
762 3307 828 3357 Tam
847 3303 886 3357 ll.
907 3322 976 3380 pag.
997 3308 1056 3362 302.
1074 3329 1116 3381 sq.
1135 3319 1162 3365 et

182 3401 323 3456 Meineree
343 3397 484 3450 Oordcelk.
506 3397 602 3450 aesca.
620 3399 669 3451 der
690 3399 789 3450 aodsd.
808 3397 831 3450 Ι.
845 3417 877 3469 p·
897 3416 928 3470 17
947 3420 1007 3472 sqq.

220 3493 263 3564 (a)
285 3493 341 3544 Cic.
359 3493 428 3544 Nat.
446 3489 483 3541 D.
502 3489 541 3543 11.
556 3507 617 3563 cap·
631 3489 668 3546 V·
684 3499 711 3543 et
724 3492 932 3565 Wgeeheider,
946 3498 1046 3551 Imtit.
1065 3499 1160 3554 Tlteol.

186 3587 248 3640 chr.
263 3604 293 3656 p.
313 3603 338 3656 7.

222 3680 275 3754 (b)
304 3677 385 3731 Conf.
417 3680 544 3743 Herder,
578 3679 666 3736 Idem
691 3696 742 3736 zur
768 3677 876 3745 Philet·
905 3683 954 3740 det
989 3686 1093 3740 Genu
1111 3688 1161 3745 der

185 3774 358 3829 Henaeltheit
368 3771 434 3845 ‚‚11.
447 3790 480 3846 p·
500 3771 559 3828 266·
