2678 4584
382 287 954 372 sessnrsrrmsno.
1107 295 1159 377 fit

183 547 1159 587 fflmmmmmmwwmmmnmmwwuwummmbum

629 745 714 842 §u
783 819 784 822 ,

347 993 558 1105 ζαὶαηιιῒωα
578 990 804 1090 reipublicae
830 1004 994 1091 tempor-rr⁰
1104 1008 1109 1020 ’

186 1249 332 1396 Hunc
354 1322 489 1395 alteram
513 1348 604 1420 pono
620 1349 750 1395 causam
770 1321 986 1397 universalem
1003 1340 1061 1395 aut
1077 1329 1166 1422 Mys·

185 1443 329 1534 ticismi,
363 1459 422 1514 eut
452 1445 639 1515 animorum
670 1445 711 1514 ad
741 1429 982 1541 Mysticismum
1014 1470 1165 1541 propen-

174 1563 301 1653 sionis.
336 1568 423 1643 >Nou
446 1563 530 1650 Vos,
555 1563 775 1632 Eruditissimi
798 1565 885 1661 Viri,
912 1565 1084 1644 infandum
1103 1566 1166 1658 ju·-

184 1683 272 1753 betis
300 1703 457 1753 renovare
480 1680 640 1752 dolorem.
683 1690 819 1771 Haeret,
844 1684 946 1753 haeret
969 1684 1004 1752 in
1028 1684 1164 1752 visceri·

185 1803 252 1872 bus
282 1801 404 1872 nostris
437 1817 535 1896 atque
566 1821 696 1898 semper
726 1802 863 1872 haerebit
893 1801 981 1872 illius
1004 1802 1166 1897 temporis

182 1922 363 2016 cogitatio,
397 1947 465 2016 quo
496 1919 627 1992 nullum
661 1921 788 1992 tristius
819 1947 1002 2017 umquam,
1034 1921 1168 1993 nullum

182 2041 409 2122 calamitosius
445 2057 576 2137 tompus
608 2041 681 2112 fuit.
742 2049 865 2134 Recens
899 2056 950 2112 cst
982 2042 1167 2131 memoria;

188 2161 325 2232 vixdum
349 2161 458 2231 ulcera
481 2162 645 2232 cicatrices
669 2162 845 2235 duxerunt.
887 2160 949 2231 Sed
968 2161 1002 2230 in
1016 2186 1168 2232 commu·

185 2281 227 2351 ni
260 2280 349 2350 clade
383 2283 582 2376 praecipuam
617 2283 782 2376 quandam
819 2282 1000 2378 tyrannidis
1033 2282 1166 2351 nefariae

187 2416 319 2496 partem
354 2400 389 2490 iu
424 2400 630 2469 Germaniam
664 2401 802 2493 conjecit
840 2403 1004 2497 impotens
1039 2399 1094 2469 ille
1129 2424 1168 2473 ac
1236 2455 1238 2459 ,

187 2521 337 2590 furiosus
370 2521 585 2605 Domiuator,
620 2521 715 2618 cujus
749 2519 851 2593 libido
886 2520 1068 2615 imperandi
1101 2520 1168 2592 hoo

189 2653 355 2710 terraram
380 2641 460 2709 orbs
484 2640 538 2710 rix
561 2639 807 2709 terminabatur.
862 2640 923 2711 Sed
947 2640 1028 2736 quid
1050 2641 1170 2711 attinet

188 2757 228 2830 in
253 2785 288 2830 re
311 2761 517 2830 acerbissima
541 2760 656 2830 horam
670 2759 889 2836 consumere?
920 2760 1170 2855 Spissumcom·

191 2881 390 2951 mcutarium
414 2878 555 2950 scribere
578 2903 768 2976 possemus,
793 2881 821 2949 si
845 2876 897 2950 vel
918 2879 1018 2949 unius
1035 2882 1174 2951 Arndui‘·

187 3001 315 3096 scripta
338 3001 480 3097 expilare
502 3000 670 3072 vellemus.
721 3001 810 3089 Quid
834 2999 996 3101 infinitam
1021 2998 1110 3068 illam
1129 2997 1170 3068 li·
1228 3087 1231 3090 Δ

189 3119 331 3190 trorum
367 3120 613 3193 multitudinem
648 3137 928 3206 commemorem,
960 3144 1105 3213 quorum
1127 3118 1169 3190 ti·
1258 3189 1260 3194 .

190 3239 258 3309 tuli
299 3265 337 3310 ac
373 3240 546 3312 relationes
582 3243 616 3310 in
655 3238 795 3334 singulis
829 3239 1012 3309 Germaniae
1050 3239 1169 3311 Diariis

186 3373 228 3429 ct
258 3359 419 3460 catalogis
453 3362 657 3434 nundinariis
689 3363 919 3457 reperiuntur,
954 3361 1171 3431 acerbissimis

189 3479 337 3574 querelis
367 3480 564 3576 plenorum,
590 3497 768 3552 uteorum
793 3481 968 3577 scriptores
992 3481 1049 3551 irae
1072 3495 1171 3574 atquo

189 3597 319 3668 doloris
353 3616 516 3670 certamen
552 3602 730 3696 suscepisse
765 3601 965 3690 rideantur?
1023 3601 1074 3671 Ad
1109 3600 1172 3673 hot

189 3718 300 3811 igitur
331 3721 505 3813 scriptores
536 3721 723 3816 delegamus
748 3723 885 3793 istarum
910 3746 1023 3813 rerum
1048 3722 1175 3791 studio·

189 3860 273 3927 ⁸0⁵3
295 3863 496 3940 quamquam
519 3841 611 3941 quis,
635 3840 804 3919 velnullo
826 3845 1004 3942 scriptore,
1021 3837 1174 3940 ignoret?
