2678 4584
785 46 817 92 Χ

280 264 286 277 ’
390 299 941 377 raouneonuns.
1104 328 1147 375 αι

172 521 249 592 quo
274 496 435 583 manavit,
463 512 496 566 et
520 523 665 592 quocum
691 499 749 566 sud
774 500 889 565 natural
916 509 1082 590 tamquam
1105 497 1156 565 ri-

173 615 281 690 vulus
303 617 496 710 conjunctus
517 632 575 686 est.
626 624 776 710 Cumque
797 632 891 684 antea
915 615 1009 683 illurn
1033 613 1156 683 dixeri-

76 771 85 790 ·
176 760 259 819 mus
283 722 475 829 Mysticum,
496 737 554 829 qui
575 760 671 804 sensu
691 735 800 821 malit,
818 759 916 828 quam
941 735 1082 820 ratione,
1098 735 1160 803 du·

179 853 232 942 ci,
253 879 342 922 nunc
364 855 461 922 etiam
486 853 701 946 intelligitur,
721 878 789 946 quo
815 851 869 921 ille
890 876 1003 921 sensus
1024 852 1154 939 tendat,

179 996 255 1064 quo
274 972 391 1040 ducere
407 988 545 1042 conetur
564 997 658 1058 eum,
681 973 740 1068 qui
755 960 865 1066 ipsum
882 985 1046 1065 sequatur.
1083 977 1154 1040 Hoc

181 1094 299 1159 sensfis
326 1091 387 1158 iter
408 1105 473 1177 est,
499 1091 553 1160 hic
574 1089 729 1159 naturalis
751 1115 881 1177 cursus,
905 1105 942 1158 ut
967 1092 1015 1176 is,
1037 1093 1096 1184 qui
1113 1092 1155 1159 ab

181 1233 224 1279 eo
245 1208 400 1298 ducatur,
418 1211 584 1304 conjungi
601 1211 676 1279 velit
696 1233 772 1277 cum
790 1215 879 1278 Deo:
899 1233 1006 1301 neque
1022 1233 1154 1295 vereor,

179 1352 227 1398 ne
255 1353 323 1396 non
349 1327 512 1422 intelligar
536 1330 633 1425 (nam
661 1328 763 1419 magis
791 1326 925 1420 proprie
954 1327 1059 1396 dicere
1083 1353 1155 1397 non

181 1448 360 1540 possum),
381 1447 408 1514 si
425 1447 559 1532 dixero,
580 1451 755 1540 Mysticum
780 1445 844 1514 hoc
862 1469 967 1514 unum
989 1460 1154 1539 spectare,

182 1564 250 1635 hoo
273 1589 379 1633 unum
408 1562 535 1654 moliri,
557 1566 821 1654 conjunctionem
842 1566 1022 1653 cumeeo.
1073 1572 1155 1653 Quae

58 1683 65 1695 ⁴
182 1683 373 1773 conjunctio
407 1680 512 1776 qualis
548 1683 610 1771 sit,
627 1697 672 1769 ‚et
704 1683 872 1777 quo'modo
904 1707 974 1753 eam
1006 1690 1155 1777 quaerant
1261 1766 1265 1778 ἱ

180 1802 330 1897 Mystici,
349 1800 491 1870 breviter
506 1815 556 1870 est
576 1801 816 1872 declarandum.
865 1807 937 1872 Vox
959 1802 1155 1890 conjunctio

85 1935 88 1944 '
176 1937 218 1993 et
247 1919 460 2015 impropriam
476 1934 509 1989 et
523 1922 692 2016 propriam
707 1901 777 1989 ¹vim
799 1921 906 1990 habet.
956 1927 1039 1990 Cum
1056 1920 1155 2015 paulo

181 2055 259 2111 ante
277 2041 322 2109 ita
338 2041 539 2125 diceremus,
569 2065 638 2110 esse
659 2039 782 2135 aliquid
806 2041 840 2108 in
863 2040 980 2128 nobis,
1001 2067 1068 2135 quo
1093 2067 1154 2111 nos
1242 2128 1247 2138 ι

181 2185 262 2231 oum
288 2165 360 2228 ,Deo
394 2160 594 2250 conjunctos
630 2159 841 2247 sentiremus,
877 2174 946 2229 erat
973 2161 1155 2255 impropria

178 2279 293 2349 dictio.
342 2274 432 2347 Nihil
462 2277 550 2346 euim
582 2276 669 2346 aliud
701 2277 979 2370 significabamus,
999 2280 1062 2347 nisi
1081 2305 1154 2350 eam

181 2423 254 2467 esse
279 2400 430 2503 lpumanae
452 2412 577 2464 naturae
599 2395 842 2483 excellentiam,
867 2412 905 2465 ut
929 2395 1043 2491 aliqua,
1058 2399 1155 2467 nobis

183 2542 263 2587 cum
289 2521 358 2589 Deo
380 2531 413 2585 ct
435 2514 709 2605 similitudiniset
729 2515 930 2607 cognationis
950 2518 1155 2587 necessitudo

183 2634 382 2709 intercedere
407 2635 582 2705 videretur.
632 2640 723 2704 Hanc
751 2659 827 2704 cum
853 2639 922 2704 Deo
945 2639 1154 2727 conjunctio.-

184 2779 261 2826 nem
291 2769 329 2824 ut
355 2754 454 2846 oeteri
471 2755 630 2824 'homines
656 2779 786 2844 omnes,
816 2755 863 2825 sic
883 2755 980 2824 etiam
1003 2757 1156 2851 Mystici,

185 2875 328 2961 debent,
354 2898 414 2943 nec
434 2898 518 2968 opus
536 2888 587 2943 est
612 2889 651 2946 ut
673 2899 744 2942 eam
765 2889 934 2970 quaerunt.
984 2881 1065 2964 Quae
1089 2901 1155 2959 au-

181 3009 252 3091 tem
270 2993 415 3091 Mysticis
433 2994 604 3094 proposita
623 3009 671 3062 est
692 2994 900 3086 conjunctio,
923 3019 994 3064 eam
1022 2994 1156 3065 theolo-

185 3139 303 3207 gorum
324 3137 417 3185 more
437 3119 593 3186 unionem
610 3119 785 3204 nzysticam
802 3110 963 3209 appellare
978 3112 1086 3205 licoat,
1108 3130 1155 3186 at·

184 3257 251 3328 que
273 3257 313 3301 eo
338 3232 441 3325 magis
461 3230 574 3320 liceat,
592 3231 683 3325 quod
701 3231 785 3301 hauc
801 3233 977 3303 dictionem
996 3232 1156 3329 postlimi·
1184 3242 1186 3247 ’

186 3353 244 3422 nio
274 3351 416 3446 mysticae
447 3349 564 3420 scholae
587 3350 807 3441 vindicamus,
832 3351 955 3449 quippe
983 3379 1089 3452 aqua
1118 3356 1154 3424 iu

183 3466 416 3566 theologorum
439 3470 640 3567 disciplinam
661 3471 808 3544 traducta
823 3472 866 3542 sit
888 3474 949 3569 ()
996 3458 1073 3542 Hac
1089 3473 1156 3568 igi*

222 3773 261 3844 (n
280 3730 413 3834 ernesti,
439 3771 559 3825 netem
579 3769 672 3829 meu.
690 3739 764 3844 nin.
786 3773 817 3826 n
837 3767 891 3825 111.
904 3787 937 3842 p.
956 3765 1014 3824 aa
1033 3774 1060 3821 a
1077 3769 1155 3822 om

185 3865 252 3925 decl.
270 3867 370 3933 Institi
390 3864 482 3924 Theot.
503 3863 562 3920 Okt-
580 3867 596 3936 §
612 3863 663 3938 296
684 3861 739 3933 Ode.
753 3877 778 3922 a.
