2678 4584
204 283 274 358 268
362 276 363 280 '
465 286 983 379 nrsrurarro',
1072 272 1076 279 ’

203 450 249 549 ita
264 493 394 566 tamen,
414 493 453 550 ut
477 477 530 566 id,
557 481 648 576 quod
669 481 800 552 adeam
829 505 980 551 normam
995 477 1194 575 judicetur,

205 624 275 668 non
307 600 464 669 continuo
490 625 563 692 per
588 626 626 671 se
660 601 758 670 etiam
797 626 914 671 uerum
947 626 1016 671 esse
1045 627 1083 671 ac
1111 628 1192 685 cer,-

204 734 300 807 tum,
324 719 541 789 existimetur.
593 721 657 791 sed
681 746 742 790 nos
773 721 814 790 de
845 725 1025 817 utriusque
1044 724 1191 794 auetori-

207 842 283 908 tatis
306 838 493 909 discrimine
515 838 579 909 alio
605 838 679 911 loco
701 842 920 911 monebimus.

256 963 297 1027 Il.
332 958 510 1028 Veniamus
545 958 648 1052 igitur
676 960 717 1028 ad
744 959 879 1031 alteram
913 961 1013 1055 hujus
1036 959 1198 1056 disputa-

205 1077 306 1147 tionis
328 1092 476 1171 partem,
497 1104 596 1172 quam
617 1085 810 1179 practicam
828 1079 1083 1176 appellavimus,
1110 1082 1133 1150 i.
1157 1106 1193 1150 e.

207 1223 276 1292 qua
306 1203 411 1267 Deum
446 1212 545 1292 atque
578 1224 630 1268 res
667 1182 886 1294 intelligibiles
918 1214 1120 1295 spectemus,
1153 1214 1193 1269 nt

208 1317 382 1387 nobiseum
415 1319 621 1409 conjunctas
647 1320 757 1388 etad
780 1344 845 1389 nos
865 1327 1086 1415 pertinentes.
1128 1318 1196 1390 Hic

209 1440 313 1532 igitur
345 1439 511 1533 agendum
545 1451 595 1533 est
635 1439 676 1508 de
710 1464 748 1508 ea
779 1441 898 1512 divinae
934 1455 1059 1509 naturae
1088 1453 1196 1534 utque

194 1559 348 1663 ¹humani
376 1559 504 1652 generis
537 1558 794 1647 necessitudine,
825 1585 900 1655 qnae
931 1561 1058 1655 Religio
1080 1557 1194 1653 appel-

209 1678 319 1766 latur,
350 1695 448 1774 atque
475 1679 674 1767 videndum,
698 1680 845 1774 possitne
871 1677 1048 1773 aliquando
1071 1702 1108 1747 ac
1130 1677 1196 1747 de·-

210 1801 284 1872 beat
312 1801 346 1869 in
374 1799 542 1894 religionis
569 1824 666 1870 causa
691 1823 806 1869 sensus
837 1823 996 1894 occupare
1022 1823 1060 1867 ac
1081 1812 1199 1879 tenere

211 1919 324 1991 locum
354 1919 516 1990 rationis?

195 2060 204 2073 ‘
259 2048 446 2135 Antequam
485 2065 563 2112 vero
602 2043 689 2111 hanc
728 2038 946 2134 quaestionem
992 2051 1197 2124 tractemus,

212 2160 419 2231 monendum
448 2175 518 2248 est,
553 2185 635 2248 nos,
674 2184 750 2228 cum
784 2161 818 2225 in
852 2153 1014 2250 superiori
1045 2157 1196 2252 (theore-

185 2279 294 2376 tica)
317 2283 417 2370 hujus
439 2278 669 2376 disputationis
694 2291 786 2373 parte
809 2276 980 2346 Rationem
1007 2289 1040 2344 et
1064 2282 1199 2346 Sacram

100 2431 103 2436 ·
197 2403 416 2497 *Scripturam
456 2401 744 2498 conjunxerimus,
785 2397 863 2493 quia
898 2395 990 2466 nulla
1022 2411 1106 2466 esset
1144 2422 1194 2466 se·

213 2522 373 2617 jungendi
412 2547 531 2607 causa,
571 2521 606 2591 in
644 2521 705 2589 hae
744 2519 887 2614 practiea
911 2521 1017 2614 'parte
1050 2516 1090 2585 de
1124 2517 1201 2586 siu·

86 2639 89 2648 ’
198 2642 300 2740 ¹gulis
331 2643 384 2713 his
417 2640 585 2737 religionis
622 2640 768 2710 fontibus
795 2635 984 2733 singulatim
1021 2661 1090 2708 esse
1124 2637 1199 2706 dio·

200 2780 333 2834 turos:
356 2763 467 2859 eujus
503 2759 715 2858 separationis
746 2783 880 2830 causam·
905 2773 1026 2856 postea*
1052 2755 1202 2826 declara-

199 2885 340 2959 *bimus

201 3034 206 3049 ·
263 3010 414 3080 Primum
448 3010 553 3105 igitur
589 3001 781 3098 uideamus,
820 3000 868 3068 in·
895 3022 997 3068 causa·
1029 2994 1203 3092 religionis
1263 3072 1267 3081 ,

202 3131 387 3200 naturalis
417 3138 486 3202 sive
521 3125 703 3197 rationalis
731 3120 815 3216 quid
852 3144 974 3190 sensus·
995 3115 1109 3189 valeat.
1159 3121 1203 3186 In

204 3266 287 3346 'quo
313 3251 427 3329 mirari
454 3250 529 3319 satis
553 3268 703 3340 nequeo,
728 3266 805 3330 eos,
832 3241 891 3335 qui
916 3241 957 3308 de
984 3240 1101 3325 eausa,
1124 3236 1145 3309 i.
1169 3227 1224 3307 es

206 3372 258 3442 de
282 3377 410 3466 origene
442 3366 610 3461 religionis
639 3364 819 3448 disserant,
850 3359 895 3429 ita
917 3360 985 3429 fere
1013 3359 1099 3428 hane
1128 3380 1215 3425 rern-

216 3517 312 3587 agere
345 3470 472 3577 solere,
496 3487 589 3583 quasi
621 3499 809 3581 quaeratur,
835 3507 861 3550 a·
876 3503 946 3575 quo
973 3479 1064 3550 fonte
1087 3475 1205 3545 homi-

217 3637 274 3681 nes
308 3612 457 3707 primnm
488 3608 658 3676 hauserint
676 3610 862 3682 5notionem
890 3600 1026 3671 naturae
1052 3597 1208 3683 diurnae,

205 3730 307 3822 site,
336 3752 410 3828 quae
437 3751 533 3800 causa
557 3752 618 3800 eos
635 3707 793 3823 primum·
814 3721 1004 3809 induxerit,
1029 3730 1074 3787 ut·
1092 3721 1214 3786 Deum
