<?xml version="1.0" encoding="UTF-8"?>
<!DOCTYPE html PUBLIC "-//W3C//DTD XHTML 1.0 Transitional//EN"
    "http://www.w3.org/TR/xhtml1/DTD/xhtml1-transitional.dtd">
<html xmlns="http://www.w3.org/1999/xhtml" xml:lang="en" lang="en">
 <head>
  <title>
</title>
<meta http-equiv="Content-Type" content="text/html;charset=utf-8" />
  <meta name='ocr-system' content='tesseract 3.04.00' />
  <meta name='ocr-capabilities' content='ocr_page ocr_carea ocr_par ocr_line ocrx_word'/>
</head>
<body>
  <div class='ocr_page' id='page_1' title='image "./disputatiodemys00borggoog_0231.png"; bbox 0 0 2678 4584; ppageno 0'>
   <div class='ocr_carea' id='block_1_1' title="bbox 172 288 898 395">
    <p class='ocr_par' dir='ltr' id='par_1_1' title="bbox 172 288 898 395">
     <span class='ocr_line' id='line_1_1' title="bbox 172 288 898 395; baseline -0.004 -30"><span class='ocrx_word' id='word_1_1' title='bbox 172 315 293 395; x_wconf 24' lang='lat' dir='ltr'><strong>no,</strong></span> <span class='ocrx_word' id='word_1_2' title='bbox 429 288 898 362; x_wconf 76' lang='lat' dir='ltr'><strong>n1seurtr1o</strong></span> 
     </span>
    </p>
   </div>
   <div class='ocr_carea' id='block_1_2' title="bbox 169 480 1158 1058">
    <p class='ocr_par' dir='ltr' id='par_1_2' title="bbox 169 480 1158 1058">
     <span class='ocr_line' id='line_1_2' title="bbox 169 480 1157 580; baseline -0.003 -23"><span class='ocrx_word' id='word_1_3' title='bbox 169 509 250 557; x_wconf 85' lang='lat' dir='ltr'><strong>uem</strong></span> <span class='ocrx_word' id='word_1_4' title='bbox 279 481 357 554; x_wconf 86' lang='lat' dir='ltr'><strong>Chr.</strong></span> <span class='ocrx_word' id='word_1_5' title='bbox 392 484 508 579; x_wconf 80' lang='lat' dir='ltr'>poesin</span> <span class='ocrx_word' id='word_1_6' title='bbox 544 508 614 555; x_wconf 80' lang='lat' dir='ltr'><strong>osae</strong></span> <span class='ocrx_word' id='word_1_7' title='bbox 644 484 784 574; x_wconf 86' lang='lat' dir='ltr'><strong>dicunt,</strong></span> <span class='ocrx_word' id='word_1_8' title='bbox 816 488 885 557; x_wconf 82' lang='lat' dir='ltr'><strong>hoc</strong></span> <span class='ocrx_word' id='word_1_9' title='bbox 915 480 1058 572; x_wconf 83' lang='lat' dir='ltr'><strong>volunt,</strong></span> <span class='ocrx_word' id='word_1_10' title='bbox 1091 507 1157 580; x_wconf 85' lang='lat' dir='ltr'><strong>pe-</strong></span> 
     </span>
     <span class='ocr_line' id='line_1_3' title="bbox 172 605 1156 702; baseline -0.003 -25"><span class='ocrx_word' id='word_1_11' title='bbox 172 605 271 677; x_wconf 83' lang='lat' dir='ltr'><strong>rinde</strong></span> <span class='ocrx_word' id='word_1_12' title='bbox 291 628 381 692; x_wconf 84' lang='lat' dir='ltr'><strong>esse,</strong></span> <span class='ocrx_word' id='word_1_13' title='bbox 406 628 481 699; x_wconf 83' lang='lat' dir='ltr'><strong>quae</strong></span> <span class='ocrx_word' id='word_1_14' title='bbox 506 605 549 675; x_wconf 88' lang='lat' dir='ltr'><strong>sit</strong></span> <span class='ocrx_word' id='word_1_15' title='bbox 580 608 653 698; x_wconf 83' lang='lat' dir='ltr'><strong>ejus</strong></span> <span class='ocrx_word' id='word_1_16' title='bbox 684 609 780 702; x_wconf 83' lang='lat' dir='ltr'><strong>origo</strong></span> <span class='ocrx_word' id='word_1_17' title='bbox 803 620 837 675; x_wconf 89' lang='lat' dir='ltr'><strong>et</strong></span> <span class='ocrx_word' id='word_1_18' title='bbox 860 605 1059 691; x_wconf 77' lang='lat' dir='ltr'><strong>auctoritas,</strong></span> <span class='ocrx_word' id='word_1_19' title='bbox 1081 627 1156 674; x_wconf 87' lang='lat' dir='ltr'><strong>eam</strong></span> 
     </span>
     <span class='ocr_line' id='line_1_4' title="bbox 175 723 1157 821; baseline -0.002 -27"><span class='ocrx_word' id='word_1_20' title='bbox 175 739 288 795; x_wconf 85' lang='lat' dir='ltr'><strong>autem</strong></span> <span class='ocrx_word' id='word_1_21' title='bbox 321 724 368 795; x_wconf 87' lang='lat' dir='ltr'><strong>ita</strong></span> <span class='ocrx_word' id='word_1_22' title='bbox 395 749 465 795; x_wconf 81' lang='lat' dir='ltr'><strong>esre</strong></span> <span class='ocrx_word' id='word_1_23' title='bbox 493 726 719 815; x_wconf 86' lang='lat' dir='ltr'><strong>tractandam,</strong></span> <span class='ocrx_word' id='word_1_24' title='bbox 750 731 857 821; x_wconf 76' lang='lat' dir='ltr'><strong>quasi</strong></span> <span class='ocrx_word' id='word_1_25' title='bbox 877 739 988 796; x_wconf 89' lang='lat' dir='ltr'><strong>totum</strong></span> <span class='ocrx_word' id='word_1_26' title='bbox 1010 723 1081 818; x_wconf 89' lang='lat' dir='ltr'><strong>ejus</strong></span> <span class='ocrx_word' id='word_1_27' title='bbox 1104 749 1157 792; x_wconf 79' lang='lat' dir='ltr'><strong>ar·</strong></span> 
     </span>
     <span class='ocr_line' id='line_1_5' title="bbox 171 840 1157 939; baseline -0.001 -26"><span class='ocrx_word' id='word_1_28' title='bbox 171 858 376 939; x_wconf 82' lang='lat' dir='ltr'><strong>gumeutum</strong></span> <span class='ocrx_word' id='word_1_29' title='bbox 407 847 575 939; x_wconf 88' lang='lat' dir='ltr'><strong>poeticum</strong></span> <span class='ocrx_word' id='word_1_30' title='bbox 603 847 668 935; x_wconf 88' lang='lat' dir='ltr'><strong>sit,</strong></span> <span class='ocrx_word' id='word_1_31' title='bbox 690 845 804 917; x_wconf 86' lang='lat' dir='ltr'><strong>eadem</strong></span> <span class='ocrx_word' id='word_1_32' title='bbox 828 859 1006 915; x_wconf 77' lang='lat' dir='ltr'><strong>causaest.</strong></span> <span class='ocrx_word' id='word_1_33' title='bbox 1055 840 1157 913; x_wconf 85' lang='lat' dir='ltr'><strong>Intel-</strong></span> 
     </span>
     <span class='ocr_line' id='line_1_6' title="bbox 173 960 1158 1058; baseline -0.003 -24"><span class='ocrx_word' id='word_1_34' title='bbox 173 961 293 1058; x_wconf 76' lang='lat' dir='ltr'><strong>ligitur</strong></span> <span class='ocrx_word' id='word_1_35' title='bbox 323 965 434 1053; x_wconf 82' lang='lat' dir='ltr'><strong>enim,</strong></span> <span class='ocrx_word' id='word_1_36' title='bbox 458 965 546 1037; x_wconf 82' lang='lat' dir='ltr'><strong>hano</strong></span> <span class='ocrx_word' id='word_1_37' title='bbox 567 991 638 1037; x_wconf 88' lang='lat' dir='ltr'><strong>esse</strong></span> <span class='ocrx_word' id='word_1_38' title='bbox 662 965 751 1037; x_wconf 82' lang='lat' dir='ltr'><strong>illius</strong></span> <span class='ocrx_word' id='word_1_39' title='bbox 774 965 1050 1050; x_wconf 69' lang='lat' dir='ltr'><strong>sententiarum,</strong></span> <span class='ocrx_word' id='word_1_40' title='bbox 1074 960 1158 1032; x_wconf 88' lang='lat' dir='ltr'><strong>reli-</strong></span> 
     </span>
    </p>
   </div>
   <div class='ocr_carea' id='block_1_3' title="bbox 50 1083 1158 1183">
    <p class='ocr_par' dir='ltr' id='par_1_3' title="bbox 50 1083 1158 1183">
     <span class='ocr_line' id='line_1_7' title="bbox 50 1083 1158 1183; baseline -0.007 -26"><span class='ocrx_word' id='word_1_41' title='bbox 50 1088 84 1181; x_wconf 26' lang='lat'><strong>¹.</strong></span> <span class='ocrx_word' id='word_1_42' title='bbox 174 1083 310 1179; x_wconf 77' lang='lat' dir='ltr'><strong>gionem</strong></span> <span class='ocrx_word' id='word_1_43' title='bbox 353 1085 602 1173; x_wconf 84' lang='lat' dir='ltr'>Christianam,</span> <span class='ocrx_word' id='word_1_44' title='bbox 640 1087 670 1157; x_wconf 86' lang='lat' dir='ltr'><strong>si</strong></span> <span class='ocrx_word' id='word_1_45' title='bbox 704 1086 808 1183; x_wconf 86' lang='lat' dir='ltr'><strong>ipsius</strong></span> <span class='ocrx_word' id='word_1_46' title='bbox 844 1096 1079 1180; x_wconf 74' lang='lat' dir='ltr'><strong>argumentum</strong></span> <span class='ocrx_word' id='word_1_47' title='bbox 1119 1096 1158 1150; x_wconf 84' lang='grc' dir='ltr'><strong>ιιι</strong></span> 
     </span>
    </p>
   </div>
   <div class='ocr_carea' id='block_1_4' title="bbox 160 1202 1195 3591">
    <p class='ocr_par' dir='ltr' id='par_1_4' title="bbox 160 1202 1195 3591">
     <span class='ocr_line' id='line_1_8' title="bbox 177 1202 1156 1302; baseline -0.011 -22"><span class='ocrx_word' id='word_1_48' title='bbox 177 1229 291 1279; x_wconf 75' lang='lat' dir='ltr'><strong>verum</strong></span> <span class='ocrx_word' id='word_1_49' title='bbox 318 1229 365 1276; x_wconf 87' lang='lat' dir='ltr'><strong>ac</strong></span> <span class='ocrx_word' id='word_1_50' title='bbox 388 1206 534 1281; x_wconf 59' lang='lat' dir='ltr'><strong>coldum</strong></span> <span class='ocrx_word' id='word_1_51' title='bbox 559 1221 719 1277; x_wconf 81' lang='lat' dir='ltr'><strong>tractetur</strong></span> <span class='ocrx_word' id='word_1_52' title='bbox 745 1221 779 1277; x_wconf 85' lang='lat' dir='ltr'><strong>et</strong></span> <span class='ocrx_word' id='word_1_53' title='bbox 793 1210 935 1302; x_wconf 76' lang='lat' dir='ltr'><strong><em>proprie</em></strong></span> <span class='ocrx_word' id='word_1_54' title='bbox 959 1202 1156 1298; x_wconf 81' lang='lat' dir='ltr'><strong>accipiatur,</strong></span> 
     </span>
     <span class='ocr_line' id='line_1_9' title="bbox 177 1322 1157 1421; baseline -0.008 -24"><span class='ocrx_word' id='word_1_55' title='bbox 177 1322 263 1397; x_wconf 84' lang='lat' dir='ltr'><strong>nihil</strong></span> <span class='ocrx_word' id='word_1_56' title='bbox 285 1325 327 1395; x_wconf 82' lang='lat' dir='ltr'><strong>ed</strong></span> <span class='ocrx_word' id='word_1_57' title='bbox 349 1324 456 1397; x_wconf 85' lang='lat' dir='ltr'><strong>animi</strong></span> <span class='ocrx_word' id='word_1_58' title='bbox 475 1327 630 1421; x_wconf 85' lang='lat' dir='ltr'><strong>pietatem</strong></span> <span class='ocrx_word' id='word_1_59' title='bbox 655 1325 783 1414; x_wconf 88' lang='lat' dir='ltr'><strong>valere,</strong></span> <span class='ocrx_word' id='word_1_60' title='bbox 806 1339 894 1395; x_wconf 89' lang='lat' dir='ltr'><strong>certe</strong></span> <span class='ocrx_word' id='word_1_61' title='bbox 919 1348 988 1394; x_wconf 91' lang='lat' dir='ltr'><strong>non</strong></span> <span class='ocrx_word' id='word_1_62' title='bbox 1004 1336 1157 1408; x_wconf 88' lang='lat' dir='ltr'><strong>tantum,</strong></span> 
     </span>
     <span class='ocr_line' id='line_1_10' title="bbox 178 1440 1157 1540; baseline -0.004 -26"><span class='ocrx_word' id='word_1_63' title='bbox 178 1459 342 1540; x_wconf 80' lang='lat' dir='ltr'><strong>quantum</strong></span> <span class='ocrx_word' id='word_1_64' title='bbox 374 1446 402 1515; x_wconf 85' lang='lat' dir='ltr'><strong>si</strong></span> <span class='ocrx_word' id='word_1_65' title='bbox 436 1461 475 1517; x_wconf 92' lang='lat' dir='ltr'><strong>ut</strong></span> <span class='ocrx_word' id='word_1_66' title='bbox 493 1449 656 1538; x_wconf 80' lang='lat' dir='ltr'><strong>ficticium</strong></span> <span class='ocrx_word' id='word_1_67' title='bbox 686 1459 874 1516; x_wconf 54' lang='lat' dir='ltr'><strong>tractetur&lt;</strong></span> <span class='ocrx_word' id='word_1_68' title='bbox 902 1449 955 1514; x_wconf 85' lang='lat' dir='ltr'><strong>Ita</strong></span> <span class='ocrx_word' id='word_1_69' title='bbox 983 1455 1093 1512; x_wconf 80' lang='lat' dir='ltr'><strong>autem</strong></span> <span class='ocrx_word' id='word_1_70' title='bbox 1127 1440 1157 1511; x_wconf 87' lang='lat' dir='ltr'><strong>si</strong></span> 
     </span>
     <span class='ocr_line' id='line_1_11' title="bbox 175 1561 1161 1669; baseline -0.005 -34"><span class='ocrx_word' id='word_1_71' title='bbox 175 1590 232 1635; x_wconf 80' lang='lat' dir='ltr'><strong>res</strong></span> <span class='ocrx_word' id='word_1_72' title='bbox 260 1590 306 1641; x_wconf 84' lang='lat' dir='ltr'><strong>ue¹</strong></span> <span class='ocrx_word' id='word_1_73' title='bbox 324 1565 445 1669; x_wconf 72' lang='lat' dir='ltr'><strong>lrahet,</strong></span> <span class='ocrx_word' id='word_1_74' title='bbox 479 1568 647 1662; x_wconf 81' lang='lat' dir='ltr'><strong>sequitur,</strong></span> <span class='ocrx_word' id='word_1_75' title='bbox 672 1583 747 1637; x_wconf 88' lang='lat' dir='ltr'><strong>tum</strong></span> <span class='ocrx_word' id='word_1_76' title='bbox 774 1565 917 1636; x_wconf 76' lang='lat' dir='ltr'><strong>¹(loturum</strong></span> <span class='ocrx_word' id='word_1_77' title='bbox 947 1561 1064 1634; x_wconf 88' lang='lat' dir='ltr'><strong>utilem</strong></span> <span class='ocrx_word' id='word_1_78' title='bbox 1086 1582 1161 1632; x_wconf 79' lang='lat' dir='ltr'><strong>esse</strong></span> 
     </span>
     <span class='ocr_line' id='line_1_12' title="bbox 176 1683 1195 1784; baseline -0.008 -27"><span class='ocrx_word' id='word_1_79' title='bbox 176 1685 221 1757; x_wconf 78' lang='lat' dir='ltr'><strong>ud</strong></span> <span class='ocrx_word' id='word_1_80' title='bbox 242 1686 344 1759; x_wconf 86' lang='lat' dir='ltr'><strong>animi</strong></span> <span class='ocrx_word' id='word_1_81' title='bbox 368 1687 513 1759; x_wconf 80' lang='lat' dir='ltr'><strong>fructum</strong></span> <span class='ocrx_word' id='word_1_82' title='bbox 527 1689 615 1759; x_wconf 86' lang='lat' dir='ltr'><strong>hauc</strong></span> <span class='ocrx_word' id='word_1_83' title='bbox 627 1684 885 1784; x_wconf 78' lang='lat' dir='ltr'><strong>religionem,si</strong></span> <span class='ocrx_word' id='word_1_84' title='bbox 901 1697 958 1753; x_wconf 79' lang='lat' dir='ltr'><strong>aut</strong></span> <span class='ocrx_word' id='word_1_85' title='bbox 973 1683 1078 1772; x_wconf 71' lang='lat' dir='ltr'><strong>falsa</strong></span> <span class='ocrx_word' id='word_1_86' title='bbox 1090 1688 1158 1768; x_wconf 80' lang='lat' dir='ltr'><strong>sit,</strong></span> <span class='ocrx_word' id='word_1_87' title='bbox 1192 1760 1195 1777; x_wconf 44' lang='grc' dir='ltr'>Ι</span> 
     </span>
     <span class='ocr_line' id='line_1_13' title="bbox 176 1802 1158 1899; baseline -0.004 -24"><span class='ocrx_word' id='word_1_88' title='bbox 176 1820 238 1875; x_wconf 83' lang='lat' dir='ltr'><strong>aut</strong></span> <span class='ocrx_word' id='word_1_89' title='bbox 269 1821 358 1877; x_wconf 82' lang='lat' dir='ltr'><strong>certo</strong></span> <span class='ocrx_word' id='word_1_90' title='bbox 387 1805 466 1877; x_wconf 80' lang='lat' dir='ltr'><strong>falsa</strong></span> <span class='ocrx_word' id='word_1_91' title='bbox 499 1807 678 1879; x_wconf 64' lang='lat' dir='ltr'><strong>habeam</strong></span> <span class='ocrx_word' id='word_1_92' title='bbox 728 1811 805 1896; x_wconf 89' lang='lat' dir='ltr'><strong>Quo</strong></span> <span class='ocrx_word' id='word_1_93' title='bbox 839 1803 923 1899; x_wconf 85' lang='lat' dir='ltr'><strong>quid</strong></span> <span class='ocrx_word' id='word_1_94' title='bbox 949 1802 1017 1873; x_wconf 87' lang='lat' dir='ltr'><strong>dici</strong></span> <span class='ocrx_word' id='word_1_95' title='bbox 1047 1815 1158 1897; x_wconf 88' lang='lat' dir='ltr'><strong>potest</strong></span> 
     </span>
     <span class='ocr_line' id='line_1_14' title="bbox 175 1924 1161 2020; baseline -0.01 -19"><span class='ocrx_word' id='word_1_96' title='bbox 175 1924 354 2020; x_wconf 78' lang='lat' dir='ltr'><strong>ineptius?</strong></span> <span class='ocrx_word' id='word_1_97' title='bbox 411 1933 459 1997; x_wconf 85' lang='lat' dir='ltr'><strong>Ea</strong></span> <span class='ocrx_word' id='word_1_98' title='bbox 491 1943 568 2016; x_wconf 86' lang='lat' dir='ltr'><strong>est,</strong></span> <span class='ocrx_word' id='word_1_99' title='bbox 604 1942 647 1999; x_wconf 82' lang='grc' dir='ltr'><strong>ιιι</strong></span> <span class='ocrx_word' id='word_1_100' title='bbox 686 1926 753 1999; x_wconf 86' lang='lat' dir='ltr'><strong>hoc</strong></span> <span class='ocrx_word' id='word_1_101' title='bbox 789 1939 889 2012; x_wconf 78' lang='lat' dir='ltr'><strong>utor,</strong></span> <span class='ocrx_word' id='word_1_102' title='bbox 928 1936 963 1994; x_wconf 86' lang='lat' dir='ltr'><strong>et</strong></span> <span class='ocrx_word' id='word_1_103' title='bbox 1002 1936 1161 1993; x_wconf 74' lang='lat' dir='ltr'><strong>constans</strong></span> 
     </span>
     <span class='ocr_line' id='line_1_15' title="bbox 176 2041 1157 2139; baseline -0.004 -24"><span class='ocrx_word' id='word_1_104' title='bbox 176 2043 416 2139; x_wconf 75' lang='lat' dir='ltr'><strong>Apostolorum</strong></span> <span class='ocrx_word' id='word_1_105' title='bbox 444 2047 594 2118; x_wconf 89' lang='lat' dir='ltr'><strong>doctriua</strong></span> <span class='ocrx_word' id='word_1_106' title='bbox 616 2062 651 2118; x_wconf 85' lang='lat' dir='ltr'><strong>et</strong></span> <span class='ocrx_word' id='word_1_107' title='bbox 672 2044 860 2118; x_wconf 85' lang='lat' dir='ltr'><strong>communis</strong></span> <span class='ocrx_word' id='word_1_108' title='bbox 891 2041 1157 2114; x_wconf 80' lang='lat' dir='ltr'><strong>Christianorum</strong></span> 
     </span>
     <span class='ocr_line' id='line_1_16' title="bbox 176 2163 1157 2258; baseline -0.007 -21"><span class='ocrx_word' id='word_1_109' title='bbox 176 2168 360 2252; x_wconf 82' lang='lat' dir='ltr'><strong>sententia,</strong></span> <span class='ocrx_word' id='word_1_110' title='bbox 386 2167 422 2236; x_wconf 92' lang='lat' dir='ltr'><strong>in</strong></span> <span class='ocrx_word' id='word_1_111' title='bbox 444 2181 552 2237; x_wconf 82' lang='lat' dir='ltr'><strong>morto</strong></span> <span class='ocrx_word' id='word_1_112' title='bbox 573 2171 649 2237; x_wconf 81' lang='lat' dir='ltr'><strong>Jesu</strong></span> <span class='ocrx_word' id='word_1_113' title='bbox 672 2165 795 2237; x_wconf 88' lang='lat' dir='ltr'><strong>Christi</strong></span> <span class='ocrx_word' id='word_1_114' title='bbox 819 2187 938 2258; x_wconf 77' lang='lat' dir='ltr'><strong>magne</strong></span> <span class='ocrx_word' id='word_1_115' title='bbox 959 2163 1065 2233; x_wconf 85' lang='lat' dir='ltr'><strong>inesse</strong></span> <span class='ocrx_word' id='word_1_116' title='bbox 1087 2184 1157 2230; x_wconf 87' lang='lat' dir='ltr'><strong>mo·</strong></span> 
     </span>
     <span class='ocr_line' id='line_1_17' title="bbox 160 2281 1160 2382; baseline -0.011 -20"><span class='ocrx_word' id='word_1_117' title='bbox 160 2294 291 2361; x_wconf 76' lang='lat' dir='ltr'><strong>&#39;menta</strong></span> <span class='ocrx_word' id='word_1_118' title='bbox 311 2299 347 2356; x_wconf 87' lang='lat' dir='ltr'><strong>ct</strong></span> <span class='ocrx_word' id='word_1_119' title='bbox 367 2284 580 2357; x_wconf 70' lang='lat' dir='ltr'><strong>incitamenta</strong></span> <span class='ocrx_word' id='word_1_120' title='bbox 610 2285 741 2382; x_wconf 88' lang='lat' dir='ltr'><strong>pietatis</strong></span> <span class='ocrx_word' id='word_1_121' title='bbox 774 2311 813 2358; x_wconf 87' lang='lat' dir='ltr'><strong>ac</strong></span> <span class='ocrx_word' id='word_1_122' title='bbox 835 2284 978 2357; x_wconf 79' lang='lat' dir='ltr'><strong>virtutis.</strong></span> <span class='ocrx_word' id='word_1_123' title='bbox 1026 2281 1160 2375; x_wconf 75' lang='lat' dir='ltr'><strong>Fingite</strong></span> 
     </span>
     <span class='ocr_line' id='line_1_18' title="bbox 176 2401 1156 2496; baseline -0.012 -15"><span class='ocrx_word' id='word_1_124' title='bbox 176 2419 312 2496; x_wconf 75' lang='lat' dir='ltr'><strong>autem,</strong></span> <span class='ocrx_word' id='word_1_125' title='bbox 345 2420 450 2477; x_wconf 83' lang='lat' dir='ltr'><strong>totam</strong></span> <span class='ocrx_word' id='word_1_126' title='bbox 484 2404 575 2479; x_wconf 91' lang='lat' dir='ltr'><strong>illam</strong></span> <span class='ocrx_word' id='word_1_127' title='bbox 604 2407 647 2478; x_wconf 85' lang='lat' dir='ltr'><strong>de</strong></span> <span class='ocrx_word' id='word_1_128' title='bbox 680 2422 788 2479; x_wconf 86' lang='lat' dir='ltr'><strong>morte</strong></span> <span class='ocrx_word' id='word_1_129' title='bbox 822 2406 1001 2481; x_wconf 73' lang='lat' dir='ltr'><strong>servatoris</strong></span> <span class='ocrx_word' id='word_1_130' title='bbox 1035 2401 1156 2473; x_wconf 84' lang='lat' dir='ltr'><strong>doctri·</strong></span> 
     </span>
     <span class='ocr_line' id='line_1_19' title="bbox 175 2521 1186 2624; baseline -0.006 -27"><span class='ocrx_word' id='word_1_131' title='bbox 175 2550 257 2597; x_wconf 88' lang='lat' dir='ltr'><strong>nam</strong></span> <span class='ocrx_word' id='word_1_132' title='bbox 280 2548 345 2624; x_wconf 85' lang='lat' dir='ltr'><strong>pm</strong></span> <span class='ocrx_word' id='word_1_133' title='bbox 367 2542 558 2601; x_wconf 87' lang='lat' dir='ltr'><strong>commento</strong></span> <span class='ocrx_word' id='word_1_134' title='bbox 584 2528 715 2624; x_wconf 87' lang='lat' dir='ltr'><strong>poetico</strong></span> <span class='ocrx_word' id='word_1_135' title='bbox 743 2550 814 2599; x_wconf 84' lang='lat' dir='ltr'><strong>esse</strong></span> <span class='ocrx_word' id='word_1_136' title='bbox 844 2525 1051 2609; x_wconf 66' lang='lat' dir='ltr'><strong>habendam</strong></span> <span class='ocrx_word' id='word_1_137' title='bbox 1074 2521 1186 2618; x_wconf 19' lang='lat' dir='ltr'><strong>quid,</strong></span> 
     </span>
     <span class='ocr_line' id='line_1_20' title="bbox 178 2642 1157 2743; baseline -0.009 -26"><span class='ocrx_word' id='word_1_138' title='bbox 178 2647 313 2719; x_wconf 78' lang='lat' dir='ltr'><strong>undem</strong></span> <span class='ocrx_word' id='word_1_139' title='bbox 347 2646 384 2718; x_wconf 90' lang='lat' dir='ltr'><strong>iu</strong></span> <span class='ocrx_word' id='word_1_140' title='bbox 414 2650 477 2719; x_wconf 73' lang='lat' dir='ltr'><strong>huc</strong></span> <span class='ocrx_word' id='word_1_141' title='bbox 506 2648 656 2719; x_wconf 82' lang='lat' dir='ltr'><strong>doctriua</strong></span> <span class='ocrx_word' id='word_1_142' title='bbox 685 2645 914 2743; x_wconf 85' lang='lat' dir='ltr'><strong>relinquatur,</strong></span> <span class='ocrx_word' id='word_1_143' title='bbox 938 2670 1007 2739; x_wconf 89' lang='lat' dir='ltr'><strong>quo</strong></span> <span class='ocrx_word' id='word_1_144' title='bbox 1030 2642 1157 2711; x_wconf 85' lang='lat' dir='ltr'><strong>moveri</strong></span> 
     </span>
     <span class='ocr_line' id='line_1_21' title="bbox 179 2761 1157 2864; baseline -0.012 -26"><span class='ocrx_word' id='word_1_145' title='bbox 179 2768 256 2863; x_wconf 80' lang='lat' dir='ltr'><strong>quis</strong></span> <span class='ocrx_word' id='word_1_146' title='bbox 292 2767 426 2863; x_wconf 79' lang='lat' dir='ltr'><strong>possiti</strong></span> <span class='ocrx_word' id='word_1_147' title='bbox 473 2767 574 2855; x_wconf 79' lang='lat' dir='ltr'><strong>Idea,</strong></span> <span class='ocrx_word' id='word_1_148' title='bbox 615 2768 738 2864; x_wconf 85' lang='lat' dir='ltr'><strong>inquit,</strong></span> <span class='ocrx_word' id='word_1_149' title='bbox 770 2766 897 2863; x_wconf 82' lang='lat' dir='ltr'><strong>poetica</strong></span> <span class='ocrx_word' id='word_1_150' title='bbox 930 2761 1157 2855; x_wconf 82' lang='lat' dir='ltr'><strong>relinquitur,</strong></span> 
     </span>
     <span class='ocr_line' id='line_1_22' title="bbox 178 2886 1158 2985; baseline -0.006 -26"><span class='ocrx_word' id='word_1_151' title='bbox 178 2913 254 2985; x_wconf 77' lang='lat' dir='ltr'><strong>quar</strong></span> <span class='ocrx_word' id='word_1_152' title='bbox 279 2889 358 2960; x_wconf 84' lang='lat' dir='ltr'><strong>satis</strong></span> <span class='ocrx_word' id='word_1_153' title='bbox 385 2886 535 2961; x_wconf 79' lang='lat' dir='ltr'><strong>valetud</strong></span> <span class='ocrx_word' id='word_1_154' title='bbox 557 2888 834 2961; x_wconf 84' lang='lat' dir='ltr'><strong>commovendum</strong></span> <span class='ocrx_word' id='word_1_155' title='bbox 851 2886 1011 2956; x_wconf 87' lang='lat' dir='ltr'><strong>animum.</strong></span> <span class='ocrx_word' id='word_1_156' title='bbox 1047 2886 1158 2969; x_wconf 83' lang='lat' dir='ltr'><strong>Quam</strong></span> 
     </span>
     <span class='ocr_line' id='line_1_23' title="bbox 180 3009 1158 3094; baseline -0.014 -13"><span class='ocrx_word' id='word_1_157' title='bbox 180 3025 220 3093; x_wconf 80' lang='grc' dir='ltr'><strong>ιιι</strong></span> <span class='ocrx_word' id='word_1_158' title='bbox 243 3013 328 3082; x_wconf 86' lang='lat' dir='ltr'><strong>mihi</strong></span> <span class='ocrx_word' id='word_1_159' title='bbox 354 3012 460 3083; x_wconf 85' lang='lat' dir='ltr'><strong>ideam</strong></span> <span class='ocrx_word' id='word_1_160' title='bbox 481 3009 628 3082; x_wconf 79' lang='lat' dir='ltr'><strong>narras?</strong></span> <span class='ocrx_word' id='word_1_161' title='bbox 675 3009 708 3081; x_wconf 89' lang='lat' dir='ltr'><strong>Si</strong></span> <span class='ocrx_word' id='word_1_162' title='bbox 732 3015 826 3080; x_wconf 72' lang='lat' dir='ltr'><strong>notro</strong></span> <span class='ocrx_word' id='word_1_163' title='bbox 851 3020 883 3075; x_wconf 87' lang='lat' dir='ltr'><strong>te</strong></span> <span class='ocrx_word' id='word_1_164' title='bbox 904 3015 1032 3088; x_wconf 87' lang='lat' dir='ltr'><strong>movet,</strong></span> <span class='ocrx_word' id='word_1_165' title='bbox 1052 3025 1158 3094; x_wconf 87' lang='lat' dir='ltr'><strong>quan-</strong></span> 
     </span>
     <span class='ocr_line' id='line_1_24' title="bbox 180 3119 1160 3228; baseline -0.016 -24"><span class='ocrx_word' id='word_1_166' title='bbox 180 3151 297 3228; x_wconf 81' lang='lat' dir='ltr'><strong>topere</strong></span> <span class='ocrx_word' id='word_1_167' title='bbox 330 3139 409 3228; x_wconf 78' lang='lat' dir='ltr'><strong>ipsa</strong></span> <span class='ocrx_word' id='word_1_168' title='bbox 435 3156 492 3219; x_wconf 77' lang='lat' dir='ltr'><strong>re,</strong></span> <span class='ocrx_word' id='word_1_169' title='bbox 526 3134 621 3225; x_wconf 82' lang='lat' dir='ltr'><strong>cujus</strong></span> <span class='ocrx_word' id='word_1_170' title='bbox 647 3126 704 3200; x_wconf 84' lang='lat' dir='ltr'><strong>illa</strong></span> <span class='ocrx_word' id='word_1_171' title='bbox 736 3126 830 3198; x_wconf 84' lang='lat' dir='ltr'><strong>notio</strong></span> <span class='ocrx_word' id='word_1_172' title='bbox 862 3137 931 3211; x_wconf 82' lang='lat' dir='ltr'><strong>eet,</strong></span> <span class='ocrx_word' id='word_1_173' title='bbox 968 3134 1001 3191; x_wconf 84' lang='lat' dir='ltr'><strong>te</strong></span> <span class='ocrx_word' id='word_1_174' title='bbox 1032 3119 1160 3191; x_wconf 82' lang='lat' dir='ltr'><strong>moveri</strong></span> 
     </span>
     <span class='ocr_line' id='line_1_25' title="bbox 182 3239 1162 3349; baseline -0.018 -23"><span class='ocrx_word' id='word_1_175' title='bbox 182 3253 347 3349; x_wconf 81' lang='lat' dir='ltr'><strong>oportet?</strong></span> <span class='ocrx_word' id='word_1_176' title='bbox 395 3261 463 3323; x_wconf 81' lang='lat' dir='ltr'><strong>Aut</strong></span> <span class='ocrx_word' id='word_1_177' title='bbox 485 3251 567 3347; x_wconf 86' lang='lat' dir='ltr'><strong>quid</strong></span> <span class='ocrx_word' id='word_1_178' title='bbox 589 3265 663 3337; x_wconf 87' lang='lat' dir='ltr'><strong>ost,</strong></span> <span class='ocrx_word' id='word_1_179' title='bbox 694 3246 785 3344; x_wconf 85' lang='lat' dir='ltr'><strong>quod</strong></span> <span class='ocrx_word' id='word_1_180' title='bbox 814 3269 886 3315; x_wconf 87' lang='lat' dir='ltr'><strong>rem</strong></span> <span class='ocrx_word' id='word_1_181' title='bbox 909 3242 1014 3339; x_wconf 79' lang='lat' dir='ltr'><strong>ipram</strong></span> <span class='ocrx_word' id='word_1_182' title='bbox 1037 3239 1162 3310; x_wconf 84' lang='lat' dir='ltr'><strong>tollen-</strong></span> 
     </span>
     <span class='ocr_line' id='line_1_26' title="bbox 181 3362 1159 3466; baseline -0.026 -13"><span class='ocrx_word' id='word_1_183' title='bbox 181 3378 281 3463; x_wconf 72' lang='lat' dir='ltr'><strong>dum,</strong></span> <span class='ocrx_word' id='word_1_184' title='bbox 312 3374 483 3445; x_wconf 88' lang='lat' dir='ltr'><strong>notionem</strong></span> <span class='ocrx_word' id='word_1_185' title='bbox 512 3369 762 3466; x_wconf 83' lang='lat' dir='ltr'><strong>relinquendam</strong></span> <span class='ocrx_word' id='word_1_186' title='bbox 791 3363 924 3462; x_wconf 78' lang='lat' dir='ltr'><strong>putes-i</strong></span> <span class='ocrx_word' id='word_1_187' title='bbox 975 3362 1058 3452; x_wconf 90' lang='lat' dir='ltr'><strong>Quis</strong></span> <span class='ocrx_word' id='word_1_188' title='bbox 1088 3383 1159 3430; x_wconf 89' lang='lat' dir='ltr'><strong>nou</strong></span> 
     </span>
     <span class='ocr_line' id='line_1_27' title="bbox 182 3481 1158 3591; baseline -0.022 -25"><span class='ocrx_word' id='word_1_189' title='bbox 182 3496 358 3591; x_wconf 85' lang='lat' dir='ltr'><strong>intelligit,</strong></span> <span class='ocrx_word' id='word_1_190' title='bbox 384 3493 515 3563; x_wconf 86' lang='lat' dir='ltr'><strong>nullum</strong></span> <span class='ocrx_word' id='word_1_191' title='bbox 538 3517 634 3588; x_wconf 83' lang='lat' dir='ltr'><strong>posse</strong></span> <span class='ocrx_word' id='word_1_192' title='bbox 657 3485 792 3560; x_wconf 79' lang='lat' dir='ltr'><strong>&#39;solidius</strong></span> <span class='ocrx_word' id='word_1_193' title='bbox 816 3483 945 3582; x_wconf 88' lang='lat' dir='ltr'><strong>pictatis</strong></span> <span class='ocrx_word' id='word_1_194' title='bbox 969 3481 1158 3552; x_wconf 85' lang='lat' dir='ltr'><strong>{undamen-</strong></span> 
     </span>
    </p>
   </div>
   <div class='ocr_carea' id='block_1_5' title="bbox 59 3600 1230 3710">
    <p class='ocr_par' dir='ltr' id='par_1_5' title="bbox 59 3600 1230 3710">
     <span class='ocr_line' id='line_1_28' title="bbox 59 3600 1230 3710; baseline -0.021 -21"><span class='ocrx_word' id='word_1_195' title='bbox 59 3636 62 3643; x_wconf 87' lang='lat'>&#39;</span> <span class='ocrx_word' id='word_1_196' title='bbox 184 3633 256 3686; x_wconf 88' lang='lat' dir='ltr'><strong>tum</strong></span> <span class='ocrx_word' id='word_1_197' title='bbox 282 3640 372 3701; x_wconf 87' lang='lat' dir='ltr'><strong>esse,</strong></span> <span class='ocrx_word' id='word_1_198' title='bbox 408 3636 507 3710; x_wconf 86' lang='lat' dir='ltr'><strong>quam</strong></span> <span class='ocrx_word' id='word_1_199' title='bbox 539 3611 631 3707; x_wconf 88' lang='lat' dir='ltr'><strong>quod</strong></span> <span class='ocrx_word' id='word_1_200' title='bbox 655 3606 895 3696; x_wconf 65' lang='lat' dir='ltr'><strong>insusurra,</strong></span> <span class='ocrx_word' id='word_1_201' title='bbox 920 3600 1051 3675; x_wconf 85' lang='lat' dir='ltr'><strong>nullum</strong></span> <span class='ocrx_word' id='word_1_202' title='bbox 1076 3620 1158 3666; x_wconf 87' lang='lat' dir='ltr'><strong>con·</strong></span> <span class='ocrx_word' id='word_1_203' title='bbox 1225 3612 1230 3623; x_wconf 86' lang='grc'><em>’</em></span> 
     </span>
    </p>
   </div>
   <div class='ocr_carea' id='block_1_6' title="bbox 182 3717 1159 3927">
    <p class='ocr_par' dir='ltr' id='par_1_6' title="bbox 182 3717 1159 3927">
     <span class='ocr_line' id='line_1_29' title="bbox 182 3717 1159 3842; baseline -0.021 -36"><span class='ocrx_word' id='word_1_204' title='bbox 182 3751 234 3806; x_wconf 86' lang='lat' dir='ltr'><strong>tra</strong></span> <span class='ocrx_word' id='word_1_205' title='bbox 266 3733 392 3824; x_wconf 85' lang='lat' dir='ltr'><strong>levius,</strong></span> <span class='ocrx_word' id='word_1_206' title='bbox 425 3759 528 3842; x_wconf 16' lang='lat' dir='ltr'><strong>quam*</strong></span> <span class='ocrx_word' id='word_1_207' title='bbox 560 3729 652 3829; x_wconf 89' lang='lat' dir='ltr'><strong>quod</strong></span> <span class='ocrx_word' id='word_1_208' title='bbox 686 3730 721 3801; x_wconf 89' lang='lat' dir='ltr'><strong>iu</strong></span> <span class='ocrx_word' id='word_1_209' title='bbox 755 3727 841 3803; x_wconf 79' lang='lat' dir='ltr'><strong>tdea</strong></span> <span class='ocrx_word' id='word_1_210' title='bbox 861 3732 1030 3824; x_wconf 80' lang='lat' dir='ltr'><strong>poeu&#39;ca,</strong></span> <span class='ocrx_word' id='word_1_211' title='bbox 1052 3717 1159 3814; x_wconf 80' lang='lat' dir='ltr'><strong>posi-</strong></span> 
     </span>
     <span class='ocr_line' id='line_1_30' title="bbox 185 3854 396 3927; baseline -0.019 0"><span class='ocrx_word' id='word_1_212' title='bbox 185 3873 259 3927; x_wconf 84' lang='lat' dir='ltr'><strong>tutu</strong></span> <span class='ocrx_word' id='word_1_213' title='bbox 284 3854 354 3925; x_wconf 74' lang='lat' dir='ltr'><strong>sir?</strong></span> <span class='ocrx_word' id='word_1_214' title='bbox 394 3864 396 3869; x_wconf 82' lang='grc'>’</span> 
     </span>
    </p>
   </div>
   <div class='ocr_carea' id='block_1_7' title="bbox 0 0 1349 4584">
    <p class='ocr_par' dir='ltr' id='par_1_7' title="bbox 0 0 1349 4584">
     <span class='ocr_line' id='line_1_31' title="bbox 0 0 1349 4584; baseline 0 0"><span class='ocrx_word' id='word_1_215' title='bbox 0 0 1349 4584; x_wconf 95' lang='lat' dir='ltr'><strong> </strong></span> 
     </span>
    </p>
   </div>
  </div>
 </body>
</html>
