2678 4584
188 287 235 382 m
285 277 347 323 '=
448 288 913 359 nrsrurarro

188 491 238 546 tas
261 473 329 574 (b).
379 477 480 568 Cujus
509 479 557 547 rei
588 503 684 550 causa
714 481 749 551 in
780 509 820 555 eo
854 487 960 583 posita
983 500 1051 575 est,
1075 486 1167 582 quod
1211 473 1213 478 ,

187 595 236 666 illi
267 595 418 665 homines
448 597 569 692 magis,
604 624 704 693 quam
738 601 814 706 alii,
847 630 866 674 a
897 610 964 675 vita
995 609 1165 700 negotiosa

186 716 362 808 disjuncti,
393 731 492 812 atque
522 719 556 788 in
588 717 719 791 cellulas
750 748 824 793 suas
849 750 886 795 ac
909 727 1058 796 tabernas
1081 751 1165 796 eon-

186 835 289 924 clusi,
323 836 358 904 in
389 835 565 906 solitudine
595 838 662 909 fere
692 841 840 937 degunt,
871 844 998 915 sublata
1027 845 1068 915 de
1099 847 1167 916 vira

176 964 302 1029 'rerum
330 958 506 1045 varietate,
537 984 611 1053 quae
634 961 723 1056 apud
747 962 930 1033 istiusmodi
954 966 1105 1034 homines
1129 965 1166 1034 in

188 1069 384 1146 r'elrenando
416 1103 514 1147 sensu
538 1077 693 1172 religioso
717 1082 853 1153 rationis
876 1084 996 1152 vicaria
1019 1110 1088 1154 esse
1107 1110 1167 1154 so-

189 1195 245 1267 let.
295 1199 385 1269 ldem
417 1199 452 1267 in
483 1215 607 1270 ceteros
637 1202 813 1273 hominum
843 1206 975 1285 ordines
998 1206 1169 1276 transferri

189 1333 309 1414 potest.
374 1320 502 1389 Amissa
536 1319 711 1411 libertate,
742 1323 931 1394 incredibile
965 1325 1055 1395 dictu
1089 1341 1167 1413 est,

129 1425 131 1429 Α
191 1454 274 1533 quot
308 1440 484 1509 bominum
516 1442 768 1512 necessitudines
799 1445 1060 1532 conturbentur,
1085 1459 1170 1538 quot

117 1563 119 1566 ’
191 1559 326 1631 consilia
349 1561 442 1628 irrita
460 1561 556 1644 fiant,
573 1577 656 1655 quot
675 1565 807 1656 negotia
824 1563 1067 1657 impediantur,
1087 1579 1190 1660 quot

190 1680 280 1776 pacis
310 1695 395 1750 artes
426 1681 601 1753 tabescant.
650 1680 735 1751 Nolo
760 1683 830 1752 haec
853 1686 1027 1778 persequi3
1058 1710 1171 1754 recens

189 1817 242 1872 est
272 1802 439 1870 memoria.
489 1799 640 1869 Difficilis
672 1817 741 1870 erat
775 1802 950 1871 hominurn
983 1802 1024 1870 ad
1056 1805 1172 1873 bomi-

193 1946 252 1990 nes
282 1920 444 2004 aecessio;
475 1919 517 1987 fet
542 1919 737 2013 suspicionis
763 1919 947 2014 inspersum
973 1921 1172 1992 familiarita-

193 2041 304 2127 tibus3
335 2039 538 2135 pellebamur
569 2040 609 2107 de
640 2039 775 2133 plateis,
807 2056 905 2136 atque
928 2041 1081 2135 praeclare
1106 2068 1171 2111 no-

192 2161 322 2230 biscum
354 2160 407 2253 agi
441 2159 723 2246 existimabamus,
757 2160 785 2228 si
819 2159 909 2229 dorni
945 2186 1014 2230 esse
1047 2161 1171 2232 liceret.

193 2285 352 2351 Praeterea
375 2276 533 2347 libertatis
551 2278 682 2347 amissio
700 2294 874 2373 egestatem
890 2281 1054 2349 afferebat.
1093 2287 1173 2350 0m·

195 2400 251 2470 nia
280 2415 393 2469 nostra
422 2401 457 2468 in
489 2400 588 2468 unius
619 2414 711 2467 eraut
743 2415 902 2494 potestate
934 2402 1062 2494 posita3
1088 2401 1174 2470 inci-

196 2521 335 2591 debatur
359 2535 549 2590 mercaturae
573 2544 714 2607 nervus3
739 2520 939 2589 tollebantur
962 2521 1036 2589 vitae
1061 2522 1173 2590 subsi-

196 2641 259 2709 dia.
310 2647 386 2728 Quo
409 2640 525 2727 fiebat,
550 2655 588 2708 ut
613 2665 679 2708 non
704 2654 833 2709 tantum
853 2641 978 2732 judicio
1002 2665 1039 2708 ac
1058 2639 1174 2708 volun-

158 2760 162 2767 ’
198 2775 281 2848 tate,
314 2760 372 2828 sed
404 2761 502 2833 etiam
527 2759 621 2827 inviti
645 2774 677 2828 et
702 2760 822 2847 coacti,
846 2760 886 2828 de
910 2761 1087 2828 sumtuosis
1113 2760 1173 2828 ho·

198 2883 330 2950 mittum
357 2878 487 2950 circulis
511 2904 571 2948 nos
596 2878 863 2949 subduceremus.
898 2885 1012 2973 ltaque
1032 2878 1174 2948 sartores

199 3003 358 3074 flebamus
381 3015 480 3096 atque
504 3015 641 3069 sutores.

249 3123 311 3192 Sed
334 3117 424 3191 esto!
459 3120 557 3190 fuerit
581 3118 710 3214 aliqua,
734 3118 768 3189 in
793 3119 943 3189 omnium
968 3145 1079 3189 rerum
1104 3120 1176 3190 des·

201 3243 386 3339 paratione,
420 3241 596 3310 hominum
632 3241 718 3309 inter
751 3241 840 3334 ipsos
874 3239 1033 3309 societas?
1092 3248 1176 3328 Qum

200 3363 333 3435 tandem
362 3359 444 3430 illa?
494 3368 693 3448 Servorum,
717 3384 777 3455 per
801 3365 906 3434 Deum
932 3354 1174 3430 immortalem!

233 3776 273 3845 (b)
291 3776 356 3829 vid.
381 3778 417 3830 A.
444 3783 469 3830 S·
495 3780 619 3850 Br'e'rger,
644 3775 751 3848 Disput.
777 3777 811 3833 de
845 3776 991 3830 Sutoribua
1003 3775 1157 3844 fanaticis.

205 3870 281 3941 Lips.
302 3872 379 3943 3750.
1040 3877 1043 3884 '
