2678 4584
382 289 442 357 se
486 269 969 383 ursrrrrsuo.
1096 227 1210 379 aas

185 472 302 550 dentis
322 490 358 548 et
386 475 620 574 perspicuitate
650 472 888 561 contentasit,
912 483 1012 567 atque
1035 493 1180 543 munero

128 692 131 697 ἱ
185 622 251 671 suo
273 576 434 667 vfunctam
468 623 503 666 se
537 621 607 666 esse
637 609 753 690 putet,
785 593 939 665 simodo
964 592 1018 680 id,
1042 591 1172 686 inquo

183 732 355 805 xersetur,
391 715 566 812 intelligat.
616 717 731 810 Potest
765 713 900 810 quidem
933 712 1039 800 ratio,
1064 736 1170 806 quatre

186 849 262 906 tum
293 834 327 904 iu
358 861 393 906 se
425 850 489 923 est,
522 834 558 906 id
581 860 622 905 eo
646 835 816 922 conferre,
843 847 880 903 ut
905 831 1023 928 placita
1049 856 1110 902 sua
1131 855 1172 903 ae

185 954 316 1026 decreta
350 956 392 1024 ad
421 956 525 1026 animi
559 955 706 1026 fructum
739 952 1074 1045 exercitationemque
1102 951 1172 1023 vir·

183 1176 1162 1212 mm

185 1366 298 1436 aliqua,
334 1363 491 1433 subsistat,
527 1381 576 1420 nee
607 1366 684 1436 lapsu
721 1365 845 1436 graviori
869 1363 958 1418 ruat?
994 1359 1093 1417 Sensus
1116 1341 1177 1416 erm

183 1465 324 1528 sustinet,
342 1480 393 1515 uec
410 1463 520 1532 penitus
537 1463 636 1516 cadere
653 1462 777 1531 patitur,
797 1479 907 1531 eamque
924 1459 1170 1529 probabilitatem»

164 1551 165 1556 ’
184 1563 217 1609 ut
233 1555 272 1606 ita
290 1554 425 1624 dixerim,
445 1557 627 1624 corroborat,
647 1565 793 1626 monetque
811 1557 968 1620 rationem,
997 1562 1045 1619 ut,
1076 1569 1173 1622 quam-

184 1650 229 1703 vis
247 1648 295 1701 itta
314 1650 459 1704 evidentiae
475 1649 645 1720 possessione
662 1652 780 1720 spoliata
798 1652 851 1719 sit,
878 1658 967 1702 tamen
983 1647 1176 1704 uerisimilitu-

184 1739 277 1794 dinem
294 1751 411 1797 tueatur.
1151 1736 1158 1743 ⁹

237 1838 328 1906 Atque
354 1837 411 1891 haee
437 1839 475 1891 ita
494 1857 509 1891 a
527 1839 607 1892 nobis
635 1838 769 1908 disputata
797 1845 878 1905 snut,
897 1845 928 1891 ut
953 1822 1190 1905 intelligeretur,

112 1930 116 1937 '
182 1942 261 2000 posse
279 1930 359 1984 uobis
377 1931 412 2005 de
429 1933 574 2004 religionis
592 1934 709 1988 veritate
726 1933 955 2001 persuasissimum
975 1927 1168 1992 ess'a,etiamsi

179 2022 330 2091 aliquando
354 2024 493 2078 fatendum
518 2028 573 2092 sit,
608 2026 791 2097 argumentis,
823 2026 918 2095 quibus
954 2024 1003 2076 illa
1028 2021 1167 2092 persuasio

180 2117 307 2192 nitatur,
325 2134 381 2169 uon
399 2127 523 2184 tantum,
544 2129 672 2188 quantum
689 2120 866 2189 putabamus,
882 2117 1073 2182 'tribuendum
1093 2131 1166 2181 esse,

177 2209 273 2262 sentire
292 2218 386 2262 sutem·
405 2209 457 2262 hoc
482 2228 579 2264 munus
600 2231 675 2279 esse,
704 2228 760 2264 nou
780 2222 809 2264 ut
828 2211 932 2281 aliquid
951 2211 1064 2275 doceat,
1093 2206 1168 2278 quod

175 2303 252 2356 ratio
271 2319 327 2354 non
344 2303 455 2369 doceat-3
482 2304 529 2355 sed
547 2313 577 2356 ut
594 2306 729 2357 rationem
753 2324 809 2357 suae
835 2307 1041 2373 persuasionis,
1071 2304 1167 2373 quani-

180 2413 262 2464 quam
278 2412 335 2447 uon
352 2397 453 2463 certis,
482 2397 529 2448 sed
554 2397 742 2465 probabilibus
773 2405 878 2451 tautum
897 2398 1059 2466 argumentis
1076 2398 1167 2463 nixae,

178 2491 350 2568 tenaciorem
368 2474 486 2554 redditi,
506 2507 555 2542 nee
573 2492 712 2559 patiatur,
742 2499 772 2543 ut
790 2492 858 2558 illa,
886 2492 920 2543 de
939 2490 1082 2546 evidentiae
1096 2490 1168 2561 opi·
1238 2484 1243 2494 ’

180 2585 264 2635 trione
281 2584 407 2654 depulsa,
437 2584 470 2635 de
487 2602 564 2636 causa
581 2568 626 2636 sua¹
645 2586 778 2653 desperet.
1151 2575 1156 2580 ’

224 2675 287 2728 Alia
319 2686 359 2732 eat
393 2679 464 2730 ratio
488 2681 650 2750 Religionis
679 2679 833 2732 Revelatoe.
881 2677 945 2731 Haeo
972 2697 1023 2730 una
1058 2679 1166 2731 ratione

178 2771 277 2825 tuenda
303 2781 359 2824 est:
388 2775 491 2825 nullum
516 2793 531 2826 a
559 2792 638 2826 sensu
669 2775 878 2842 exspectandum
915 2775 1053 2827 auxilium.
1107 2773 1168 2831 Nos

178 2875 267 2924 autem
294 2868 387 2934 saepius
417 2870 471 2936 jam
500 2869 534 2920 de
559 2866 632 2932 hoe,
666 2871 720 2937 jam
747 2869 780 2920 de
807 2868 863 2919 alio
891 2867 991 2921 divinar
1018 2866 1165 2921 sacrarum

179 2956 336 3018 Literarum
358 2961 473 3029 originis
492 2970 668 3065 argumqirto,
688 2952 869 3027 dubitavisse,
891 2978 922 3012 eo
940 2958 1065 3013 fidentius
1080 2962 1163 3014 etism

178 3059 206 3103 et
231 3054 349 3120 apertius
374 3055 507 3122 fatemur,
537 3072 590 3124 quo
618 3056 720 3107 certius
746 3056 904 3119 statuimus,
936 3055 1038 3106 nemini
1063 3071 1161 3122 posse,

177 3144 215 3196 ita
234 3155 264 3197 ut
283 3156 431 3214 oporteat,
458 3149 492 3199 de
523 3148 616 3202 divina
645 3150 693 3200 illa
722 3148 886 3201 auctoritate
912 3167 1065 3217 persuasum
1079 3166 1160 3214 esso,

176 3240 231 3290 nisi
250 3240 297 3307 qui
316 3259 385 3308 saepe
402 3243 567 3310 multumque
585 3243 770 3296 dubitaverit:
801 3244 875 3294 conf.
903 3243 1062 3294 Reinltardi
1088 3246 1163 3295 Ora·
1229 3268 1237 3276 ·

176 3335 328 3399 tiunoula,
359 3338 404 3386 De
422 3338 533 3387 rarione
551 3339 666 3390 docendi
695 3337 859 3402 Socratica,
888 3337 918 3388 in
944 3320 1042 3407 Opuse·
1068 3338 1159 3390 Acad-

87 3478 90 3485 ,
181 3426 246 3478 Vol.
266 3426 288 3479 Ι.
303 3447 334 3498 p.
354 3427 413 3480 526.
433 3438 459 3481 et
477 3431 610 3482 Plauclrir'
628 3432 747 3483 Einleit.
766 3433 797 3482 in
814 3433 860 3482 die
882 3431 976 3482 Theol.
993 3431 1160 3503 Wesenaclt.

179 3520 258 3570 Tem.
286 3519 308 3569 I.
330 3540 362 3591 p.
382 3527 414 3592 78
433 3540 493 3592 sqq.
521 3524 561 3576 ΙΙ.
585 3545 616 3596 p.
643 3524 704 3578 536.
749 3525 840 3599 Nobis
864 3534 938 3576 certe
964 3520 1085 3576 salubris*
1106 3520 1161 3578 fuit

173 3609 233 3664 haec
264 3612 405 3667 dubitandi
436 3618 611 3671 cousuetudo.
661 3614 776 3687 Quoties
809 3618 880 3669 euim
907 3619 936 3669 in
963 3617 1159 3671 dubitationem

173 3707 295 3773 conjecti
330 3709 445 3778 tuimur,
473 3713 554 3766 toties
587 3729 621 3766 ex
645 3713 694 3768 illis
718 3712 852 3774 certiores
884 3729 915 3766 sc
943 3713 1026 3783 magis
1057 3714 1158 3769 firmati

173 3815 335 3855 emersimus.

522 3995 533 4027 t
