2678 4584
360 290 949 397 'nrursrmrsu'sso
1077 308 1152 381 aar
1195 381 1205 385 ,,

104 473 112 487 ⁶
184 522 246 579 test
273 531 341 577 esse
369 505 497 602 pietas?
526 531 600 603 quae
624 501 805 585 sanctitas?
832 526 908 597 quar
928 486 1041 595 religio
1060 494 1158 603 (m
1240 531 1242 535 ¹

181 627 385 701 Potuissetne
421 631 532 697 Cr'cero
563 627 627 696 hoc
661 624 761 694 modo
793 646 982 718 oppugnare
1009 606 1160 689 illorum¹

181 745 458 843 philosophorum
498 747 689 818 sententiam
701 799 711 831 ,
747 741 811 814 nisi
846 742 933 813 idem
963 729 1151 825 existirnasv

181 883 275 955 sent,
304 873 412 953 Deos,
437 865 497 936 etsi
530 891 582 936 res
607 867 767 936 humanas
798 866 867 933 non
895 874 1068 948 curarent,
1093 876 1150 929 ta-

181 1012 258 1056 men
291 984 440 1078 religiose
473 1010 542 1058 esse
570 983 749 1068 colendos?
797 981 913 1072 Quid?
941 981 1031 1077 quod
1059 981 1146 1048 idern

96 1131 98 1135 ’
182 1111 293 1176 Cicero
319 1104 437 1191 docet,
461 1110 662 1203 Eprcurum,
692 1103 750 1197 qui
771 1109 857 1172 Deos
888 1100 936 1170 nil
962 1124 1077 1194 agere,
1093 1097 1150 1167 nil

180 1249 295 1294 curare
325 1221 513 1310 docuisset,
541 1237 650 1292 tamen
681 1221 847 1314 scripsisse
869 1218 971 1289 libros
995 1220 1036 1288 de
1058 1243 1152 1288 sanc-

178 1344 291 1431 titate,
319 1343 359 1411 de
390 1344 510 1437 pietate
541 1342 694 1412 adversus
722 1345 829 1427 Deos3
857 1363 999 1434 eumque
1027 1339 1062 1407 in
1093 1326 1156 1407 his'
1204 1436 1207 1441 ⁶

175 1460 269 1531 libris
299 1460 343 1530 ita
375 1459 488 1553 loqui,
517 1476 557 1531 ut
586 1461 827 1532 Coruncanium
861 1472 918 1528 aut
952 1456 1153 1546 Scaevolam,

177 1580 349 1672 pontifices
382 1580 562 1664 maximos,
590 1593 622 1648 te
646 1580 759 1649 audire
785 1588 881 1673 putes
906 1574 973 1673 (i).
1022 1583 1065 1646 Et
1091 1601 1152 1646 no·

179 1698 230 1766 bis
261 1697 394 1790 quidem
422 1713 509 1767 recte
535 1700 729 1768 contendere
759 1703 870 1768 Cicero
895 1696 1044 1785 videtur,
1071 1695 1150 1789 Epi·

177 1841 315 1902 curum,
339 1841 416 1887 cum
441 1823 526 1888 De‘os
556 1826 621 1888 res'
636 1819 796 1888 humanas
824 1841 938 1886 curare
960 1815 1127 1910 negaverit
1138 1801 1157 1899 ,⁸

176 1936 328 2005 evertisse
366 1960 436 2006 aras
478 1952 511 2006 et
552 1929 689 2009 ornnem*
729 1935 921 2032 religionem
958 1932 1150 2030 sustulisse;

176 2055 232 2122 sed
262 2069 371 2124 tamen
402 2066 536 2150 apparet
565 2058 600 2126 in
634 2082 694 2145 eo,
728 2071 849 2152 quanta
876 2055 918 2125 sit
950 2057 999 2124 vis
1021 2067 1148 2122 naturae

178 2173 352 2263 humanae,
378 2198 451 2268 quae
485 2200 563 2246 cum
594 2180 664 2245 Deo
695 2174 748 2246 vel
777 2189 850 2245 tum
879 2158 916 2245 se
941 2155 1150 2264 conjunctam

176 2293 245 2361 es'se
274 2307 388 2385 putet,
415 2317 537 2361 cuma
568 2298 637 2362 Deo
665 2318 699 2362 se
728 2291 848 2386 negligi
872 2274 1072 2381 arliitretur3
1087 2300 1155 2362 'at-³¹

176 2434 241 2502 que
269 2411 442 2504 perspicuo
476 2425 671 2505 argumento
702 2425 773 2498 est,
809 2412 845 2479 in
872 2394 1048 2480 hominum
1077 2406 1150 2478 ani·'

175 2527 238 2597 mis
255 2507 340 2596 esse
375 2526 518 2623 aliquid,
551 2529 591 2598 ad
623 2526 815 2623 religionem
847 2529 1057 2599 vehementer
1084 2525 1146 2598 im·⁴

175 2645 321 2740 pellens,
349 2647 439 2742 quod
468 2673 535 2718 non
566 2647 632 2719 tain
658 2639 822 2719 beneficiis
851 2648 970 2719 divinis
997 2663 1056 2718 aut
1081 2647 1145 2720 alia

176 2772 373 2861 quacunque
401 2767 526 2838 ratione
554 2765 720 2857 eliciatur,
746 2794 845 2864 quam
868 2793 928 2838 sua
956 2782 1072 2865 sponte
1098 2768 1163 2838 el-z

177 2885 258 2953 serat
282 2910 316 2954 se
342 2886 436 2955 etad
459 2893 565 2957 Deum
590 2889 733 2958 enitatur
760 2884 823 2985 (lc)
862 2886 865 2889 ’
974 2933 976 2936 v
1132 2878 1135 2883 ’

221 3009 290 3072 lam
325 3005 513 3093 videamus,
548 3005 603 3077 ille
640 3018 753 3078 sensus
794 3007 964 3102 religiosus
999 3006 1146 3102 possitne

175 3120 349 3216 aliquando
378 3148 415 3194 ac
438 3125 552 3195 debeat
582 3128 616 3195 in
646 3151 742 3197 causa
769 3125 935 3223 religionis
965 3124 1076 3198 locum
1101 3128 1167 3199 te?

471 3260 474 3266 ’
1143 3259 1150 3294 l

209 3565 253 3636 (Ιι)
271 3571 307 3619 Ν.
323 3572 359 3622 1).
376 3570 439 3623 nit.
459 3569 483 3623 I.
503 3573 569 3646 Cap.
588 3573 627 3627 11.

208 3659 258 3729 (i)
278 3661 334 3713 010.
353 3663 399 3714 lib.
418 3667 465 3716 cit.
488 3665 676 3738 Gap-XVII,
695 3666 782 3737 XLI,
801 3665 906 3726 XLIV·
997 3724 999 3729 ,
1085 3726 1088 3731 ,
1176 3722 1179 3727 .

82 3809 84 3813 ,
210 3751 250 3821 (l)
269 3756 339 3811 Keil
354 3764 380 3811 et
401 3758 560 3817 metimur
569 3797 579 3843 ,²
598 3760 775 3832 Andrisco,
804 3764 880 3820 Tam.
900 3760 977 3819 1.1’.
996 3761 1034 3819 11.
1046 3781 1078 3840 p.
1090 3764 1141 3838 ¹9³

172 3857 233 3913 us·
524 3850 545 3885 “·
767 3874 795 3887 ··
867 3876 873 3887 ·
952 3882 957 3888 ·
1142 3874 1149 3890 ·
