2678 4584
98 318 106 329 -
193 275 247 366 ‘ua
338 278 921 373 „nrsrurnaro

194 478 263 568 Nos
293 470 426 568 quidem
452 471 588 540 minime
610 494 782 559 veremur,-
806 498 848 541 ne
873 474 1041 568 quierem
1065 499 1084 544 a
1106 497 1172 550 no·
1242 516 1246 527 ι

196 593 247 662 bis
277 591 463 683 exaggerari
496 605 612 685 putet,
647 590 674 659 si
706 614 840 662 ornnem
869 617 946 664 eum
973 591 1075 688 Belgii
1098 609 1173 665 tum

122 767 126 773 .
196 713 378 782 Germaniae
404 712 587 807 praesertim
616 708 833 781 calamitatem
864 713 898 780 in
924 721 1109 783 amissione
1128 715 1155 782 l'

120 890 123 894 .
196 832 336 903 bertum
353 833 459 902 civiles
476 855 650 924 ponamus.
700 834 803 923 Cujus
826 834 960 924 jacturae
979 849 1102 928 quanta
1125 835 1174 905 vis

74 1013 78 1021 .
195 953 238 1023 sit
266 952 308 1021 ad
328 950 522 1047 pariendum
546 949 660 1046 illum,
689 951 730 1021 de
750 976 819 1047 quo
843 949 1035 1048 loquimur,
1061 953 1174 1048 mysti-

3 1145 5 1148 ,
119 1165 121 1168 ⁴
195 1096 274 1142 cum
294 1094 444 1159 sensum,
465 1068 566 1174 paulo
588 1067 778 1166 diligentius
796 1095 1013 1166 exponamus.

245 1191 481 1286 Unusquisque
498 1190 623 1275 homo,
643 1215 715 1260 eam
734 1190 839 1285 ipsam
853 1191 897 1261 ob
914 1214 1064 1279 causam,
1083 1189 1175 1286 quod
1249 1226 1252 1236 ⁴

159 1309 307 1381 'zsslror'ao
324 1326 391 1396 est,
416 1310 513 1380 habet
545 1309 712 1404 quoddam
734 1309 811 1404 jus,
845 1311 887 1380 ab
914 1311 984 1405 ipsa
1004 1311 1180 1382 naturaei

192 1416 375 1517 tellectum,
412 1455 481 1524 quo
511 1427 613 1499 libere
649 1444 772 1499 utatur.
823 1435 894 1498 Hoc
918 1425 972 1523 jus
986 1445 1173 1524 entcrnuut

190 1551 475 1647 >quemadmodum
499 1551 579 1620 mihi
600 1549 682 1643 eripi
704 1547 804 1634 nolo,
827 1551 871 1619 ita
892 1565 1015 1619 ceteros
1040 1575 1174 1645 quoque

195 1669 349 1740 homines
374 1671 520 1765 ejusdem
551 1671 633 1760 juris
653 1685 780 1739 tenaces
802 1694 892 1755 esse,
914 1671 1100 1740 existimare
1119 1692 1174 1740 me

150 1786 169 1844 ⁴·
195 1806 338 1886 oportet.
387 1793 473 1861 Hinc
497 1801 655 1884 apparet,
686 1791 863 1858 hominum
884 1790 1070 1858 societatem
1089 1800 1176 1860 con·-⁴

195 1902 282 1982 stare
303 1935 371 1978 non
397 1934 509 2004 posse,
531 1909 595 1977 nisi
620 1906 690 2002 lege
718 1908 859 2002 quadam
886 1909 1065 1996 sanciatur,
1089 1921 1178 2004 quo⁶¹

195 2030 298 2099 modo
328 2027 469 2123 quisque
496 2025 646 2096 libertate
676 2052 735 2095 sua
760 2042 892 2095 externa
918 2042 1052 2108 utatur,
1074 2037 1177 2127 atque,

194 2164 282 2218 recte
310 2148 375 2216 hoc
399 2149 484 2242 juris
515 2147 767 2223 fundamentum
788 2165 817 2219 ,a
842 2153 968 2215 Kantio
997 2172 1066 2217 esse
1085 2149 1173 2241 posii

179 2282 286 2380 jum,
318 2281 357 2335 ut
386 2267 429 2335 ita
460 2267 600 2361 quisque
626 2267 827 2337 extrinsecus
847 2282 940 2360 agat,
965 2274 1106 2338 utusus
1128 2267 1174 2337 lia-

195 2385 332 2456 bertatis
349 2383 453 2463 alteri=
466 2411 507 2454 ne
535 2385 675 2474 officiat,
704 2387 883 2480 quominus
899 2399 937 2456 et·
952 2387 1006 2457 hic
1023 2378 1173 2459 libertate

151 2595 153 2598 y
192 2532 264 2583 tutu¹
282 2521 406 2577 utatur.
456 2506 517 2576 Sed
540 2521 588 2577 est
618 2506 688 2576 haec
711 2504 1022 2596 libertas-externa,
1050 2523 1102 2595 et,
1133 2522 1172 2578 ut

194 2627 307 2698 omnia
325 2640 479 2713 externa,
500 2626 531 2693 vi
558 2628 692 2696 externd
708 2627 790 2721 eripi
815 2641 932 2721 potest.
982 2635 1063 2716 Quae
1084 2650 1173 2722 crept

194 2745 242 2815 tio
268 2761 341 2815 tum
369 2741 480 2814 locum
512 2743 627 2828 habet,
654 2770 732 2815 curn
758 2744 854 2840 quis,
871 2747 958 2836 juris
981 2749 1032 2816 sui
1054 2748 1173 2816 termi-

188 2884 258 2937 'nos
277 2867 439 2961 migrans,
462 2864 497 2932 in
519 2879 664 2934 nostram
689 2845 847 2934 ditionem
872 2866 1011 2951 invadit,
1032 2880 1065 2936 et
1082 2867 1173 2962 quod

194 3001 349 3056 nostrum
378 2999 448 3073 est,
474 2984 508 3053 id
533 2985 595 3054 sibi
612 2985 769 3056 adsciscit.
802 2984 877 3054 'Ille
896 2986 1016 3078 igitur,
1034 3001 1072 3054 ut
1092 3012 1173 3055 nos-

195 3120 282 3176 tram
307 3090 489 3174 libertatern
513 3105 736 3192 circumcidit,
763 3104 808 3174 ita
833 3129 928 3174 suam
949 3104 1017 3199 ipse
1032 3103 1173 3176 liberta*-

194 3241 264 3296 tem
296 3239 393 3318 auget
424 3239 457 3293 et
481 3223 681 3318 amplificat,
715 3224 782 3296 sive
818 3226 930 3319 potius
959 3227 1102 3319 spatium
1134 3248 1173 3296 ac

160 3412 166 3424 ,
192 3343 298 3414 ueluti
326 3348 492 3415 theatrum
518 3341 679 3414 libertatis
704 3369 771 3414 suae
793 3344 983 3439 praeterjus
1004 3346 1105 3416 aclas
1126 3343 1174 3414 di·

116 3540 120 3547 ,
192 3463 282 3535 lutat.
333 3464 438 3557 Magis
461 3464 558 3534 etiam
586 3465 613 3534 si
641 3479 759 3559 urget,
785 3462 869 3534 nihil
895 3462 1054 3536 libertatis
1077 3465 1173 3535 nobis

191 3585 411 3681 relinquitur:
435 3585 587 3673 ejicimur
607 3587 647 3654 de
670 3583 809 3654 naturali
829 3598 941 3654 nostra
958 3572 1101 3667 ditione,
1120 3598 1173 3652 at·
1266 3579 1278 3608 l

194 3731 279 3801 que,
298 3720 335 3775 ut
362 3705 407 3775 ita
425 3704 553 3792 dicam,
578 3702 770 3798 repellimur
789 3706 822 3773 in
840 3703 1096 3795 nosmetipsos,
1116 3722 1174 3773 no·

191 3827 327 3921 *hiscum
354 3825 502 3926 agimus,¹
526 3823 679 3901 consilia·
696 3825 840 3926 inimus,
871 3820 1175 3931 colloquimur3et
1270 3899 1274 3906 ,
