2678 4584
181 240 256 318 1168
332 237 334 239 ’
432 240 895 313 ΒΗΡἩΤΑΤΙΟ
969 276 972 283 ·

181 433 376 522 domamus,
403 433 623 529 Mystioismus
651 431 706 503 ille
727 429 984 525 schellingianus
1009 454 1157 526 quomo-

103 562 106 568 '
135 629 139 634 ,
182 553 228 624 do
257 567 381 622 exserat
412 577 447 622 se
483 579 521 623 ac
545 552 742 648 patefaciat?
769 577 843 647 quae
870 551 913 620 sit
939 552 1010 646 ejus
1037 551 1086 621 vis
1114 575 1156 621 ae
1266 534 1272 539 ’

72 744 77 749 ,
180 670 326 742 natura?
371 676 454 741 Nam
486 672 764 766 quemadmodum
796 685 909 740 oeterae
937 670 1154 764 Mystioorum

179 804 289 878 sactae,
318 815 516 884 quamquam
542 793 699 862 universae
721 814 824 860 sensu
839 791 1013 873 nituntur,
1038 765 1157 884 singu-

180 907 222 978 lae
250 924 359 978 tamen
392 911 567 1004 proprium
599 909 722 1004 aliquid
753 934 790 978 ae
820 906 982 1004 peculiare
1009 908 1156 994 habent,

180 1054 250 1124 quo
279 1053 298 1096 a
324 1025 458 1124 reliquis
486 1029 643 1124 distingui
672 1027 815 1124 possint,
846 1039 883 1096 ut
910 1051 1023 1096 earum
1045 1027 1154 1094 infini-

179 1161 216 1216 ta
240 1147 281 1217 sit
308 1147 445 1219 varietas
476 1149 566 1243 (g),
592 1149 638 1218 sic
657 1148 754 1217 etiam
779 1146 897 1239 hujus,
919 1146 959 1214 de
988 1170 1056 1240 quo
1080 1145 1157 1238 agi-

179 1291 275 1356 mus,
303 1266 495 1362 Mysticismi
519 1264 695 1362 singularis
716 1265 824 1360 aliqua
845 1266 1004 1334 forma'ac'
1030 1264 1156 1359 species

179 1401 239 1456 est.
288 1392 361 1474 Qua
384 1386 425 1454 de
445 1411 481 1455 re
501 1411 540 1478 eo
565 1386 668 1480 magis
689 1409 817 1455 neeesse
838 1397 903 1470 est,
931 1398 969 1451 ut
991 1381 1047 1451 hie
1070 1407 1175 1476 aga·-

179 1520 259 1594 tur,
288 1504 450 1601 quoniam
481 1506 591 1600 Capite
619 1519 774 1599 sequente
800 1501 1028 1598 explicandum
1056 1501 1162 1599 nobis¹

168 1612 259 1711 erit,
285 1625 478 1719 Soletungu·
505 1625 653 1695 doctrina
687 1638 801 1694 utrum
830 1621 962 1718 prosit,
992 1647 1034 1689 an
1066 1620 1156 1690 obsit

178 1743 311 1814 virtutis
344 1743 576 1838 religionisque
600 1768 713 1814 causoe.
763 1738 861 1830 Quod
888 1741 959 1809 fieri
979 1739 1157 1809 commode

177 1889 248 1932 non
284 1877 414 1957 potest,
448 1863 511 1930 nisi
539 1861 630 1956 prius
660 1861 760 1954 hujus
782 1857 974 1953 Mysticismi
998 1861 1151 1927 naturam

176 1964 211 2050 et
240 1978 385 2065 indolem
416 1980 500 2049 bene
525 1981 700 2075 cognitam
732 2004 770 2048 ac
806 1993 992 2072 pereeptam
1029 1977 1154 2045 habea·

177 2124 263 2169 mus.
345 2076 353 2086 ⁸

214 2223 316 2299 ,Inter
349 2214 517 2310 vulgarem
550 2214 811 2311 Mystieismum,
843 2214 975 2310 dequo
1003 2213 1035 2282 in
1064 2220 1153 2284 Pro-

176 2334 357 2430 legomenis
388 2333 552 2424 diximus,
578 2351 611 2406 et
645 2338 736 2406 hunc
769 2335 1051 2431 Schelltizgianum
1084 2337 1151 2405 hor

177 2457 329 2538 universe
361 2454 516 2543 interest,
545 2456 656 2551 quod,
685 2481 761 2526 cum
785 2454 903 2550 reliqui
932 2455 999 2526 sere
1021 2456 1152 2551 Mystici

76 2582 79 2586 ’
176 2577 219 2646 ab
246 2577 319 2671 ipso
348 2583 419 2647 Deo
445 2601 479 2645 se
511 2577 596 2648 allici
627 2577 763 2672 ejusque
793 2575 968 2648 efficaciam
999 2600 1033 2644 se
1059 2576 1152 2644 intus
1228 2576 1234 2599 ⁸

180 2829 1138 2859 m

174 3019 217 3090 ius
234 3037 324 3074 sensus
341 3037 396 3076 non
413 3023 493 3089 illis,
509 3039 574 3092 quas
590 3023 811 3087 memoravimus,
829 3023 916 3074 causis
933 3021 1148 3089 universalibus,

176 3111 225 3164 sed
242 3114 305 3167 aliis
321 3116 426 3181 causis,
444 3116 595 3170 domesticis
612 3118 744 3182 fortasse,
761 3124 907 3168 commotus
924 3115 982 3180 sit,
999 3123 1026 3168 et
1042 3124 1148 3184 tamen,

178 3205 343 3278 &bellivagii
361 3208 485 3262 doctrin&
502 3211 647 3279 impulsus,
668 3209 706 3261 ad
720 3209 916 3279 Mystieismum
933 3225 960 3260 ee
975 3210 1148 3277 applicuerit.

175 3292 314 3367 Quaeritur
342 3285 375 3354 de
400 3303 546 3369 universis,
563 3320 618 3356 non
636 3305 718 3372 igitur
736 3303 770 3373 de
787 3304 866 3360 aliis,
887 3320 966 3372 quam
984 3303 1017 3355 de
1034 3308 1149 3358 univer-

176 3390 284 3445 salibus
310 3395 395 3449 causis
419 3395 510 3450 dicere
533 3398 677 3466 potuimus.
727 3396 804 3449 Alias
828 3394 957 3448 hodierni
983 3389 1148 3469 Mysticismi

177 3502 288 3551 causae,
315 3487 359 3538 sed
382 3488 467 3556 magia
488 3490 652 3559 singulares,
678 3482 794 3560 explicat
825 3491 914 3546 rerer
938 3494 969 3544 iu
992 3490 1147 3562 Kdniugsb·

176 3579 291 3634 Archiv.
311 3581 387 3634 1812.
406 3579 460 3632 ΙΙΙ.
480 3579 520 3635 St.
534 3601 566 3654 p.
585 3582 643 3655 575.
661 3602 722 3661 sqq.

178 3699 272 3866 aa(73)
299 3702 466 3772 Eberhard,
495 3703 572 3759 ectu
596 3703 646 3760 ees
669 3705 871 3763 vernulum
900 3710 976 3763 Tam·
1003 3703 1060 3761 111.
1077 3722 1111 3778 p.

232 3810 299 3864 .sq.
454 3814 458 3821 ·
