2678 4584
362 318 418 368 M
465 289 954 366 Mts'rtctsttto
1082 293 1157 384 brt,

172 514 230 568 tus
255 489 328 562 sim.
378 487 440 560 Sed
463 513 525 584 ego
549 486 630 582 quid
654 487 819 558 effecerim
843 514 943 584 penes
965 493 1057 580 Vde,
1083 493 1157 588 qui·

177 617 238 682 bus
268 608 452 706 plurimum
482 608 618 694 tribue,
639 607 803 701 judicium
831 624 912 678 esto.
964 616 1031 680 Vos
1055 612 1155 682 vicis*

176 734 260 818 sim,
294 731 322 799 si
357 729 501 798 laborem
537 727 639 799 Vobis
669 753 781 796 meum
814 731 928 799 minus
948 731 1154 824 probavero,

177 850 353 943 diligentiae
388 827 497 916 tamen
529 862 627 941 atque
651 848 798 917 honeste
822 847 999 921 voluntatis
1022 850 1154 923 laudem

178 972 263 1044 mihi
288 969 514 1063 impertituros
538 993 607 1036 esse
638 968 779 1037 confido.
829 975 926 1039 Nunc
955 987 1090 1061 autem,
1113 998 1156 1042 ne

180 1090 352 1187 splendido
387 1088 532 1184 quodam
569 1113 607 1156 ac
654 1089 831 1182 magnifico
875 1089 1007 1186 epilogo
1040 1066 1190 1188 judiciii

180 1211 279 1282 vestri
308 1211 527 1302 integritatem
557 1232 770 1302 corrumpere
795 1206 877 1278 velle
897 1209 1025 1299 videar,
1055 1214 1156 1285 finem

182 1333 295 1402 seciam
334 1328 505 1400 scribendi.
555 1328 587 1396 Si
618 1328 694 1422 quis
733 1343 843 1397 autem
876 1343 946 1423 est,
987 1332 1049 1424 qui
1074 1335 1159 1405 mibi

184 1465 388 1538 succenseat,
415 1447 507 1544 quod
539 1448 572 1515 in
591 1447 665 1529 ¹hac
687 1447 866 1541 scriptione
888 1475 955 1518 non
980 1449 1160 1546 elegantius
1236 1533 1239 1536 ,

79 1560 87 1568 ’
184 1574 247 1643 sim
279 1586 378 1664 atque
397 1568 510 1662 ¹magis
540 1582 663 1636 tersum
692 1568 848 1640 orationis
879 1595 983 1663 genus
1006 1588 1161 1666 secutus,

183 1691 211 1764 is
243 1690 349 1762 videat
380 1713 422 1758 ne
450 1688 533 1757 mihi
563 1687 726 1782 imputet,
756 1688 846 1781 quod
875 1689 1082 1787 philosophis
1113 1694 1158 1764 il-

182 1809 243 1899 lis,
273 1811 470 1905 quibuscum
494 1805 664 1900 negotium
695 1807 791 1875 nobis
820 1806 899 1896 fuit,
924 1811 1079 1906 imputari
1098 1794 1162 1884 de·-

185 1931 270 2001 beat.
321 1929 363 1998 Hi
390 1927 477 1995 enirn
503 1926 530 1994 si
551 1926 586 1994 in
610 1925 747 1994 horrido
774 1941 806 1994 et
836 1925 1001 2000 lutulento
1032 1933 1162 2006 dicendi

187 2074 306 2147 genere
346 2050 468 2138 jactant
502 2071 563 2132 se,
599 2070 706 2139 neque
734 2045 876 2141 amplius
904 2052 1050 2121 contenti
1085 2069 1166 2128 suut

187 2170 361 2269 perspicua
392 2165 446 2256 ille
473 2190 511 2234 ac
546 2163 687 2260 simplici
720 2166 883 2236 scribendi
916 2172 1064 2262 ratione,
1097 2202 1164 2271 qua

168 2293 368 2374 ,Gellertus,
393 2284 625 2371 Mendeltdes,
654 2289 818 2374 Garvricr,
842 2285 963 2382 aliique
987 2293 1039 2362 usi
1066 2311 1163 2384 sunt,

188 2411 263 2507 quis
292 2407 423 2478 tandem
446 2417 504 2472 aut
535 2428 642 2497 operae
667 2403 813 2498 pretium
837 2405 957 2497 ducat,
980 2425 1038 2481 aut
1064 2415 1164 2486 etiarn

188 2527 356 2629 postulet,
392 2537 430 2593 ut
467 2523 503 2592 in
543 2546 661 2592 eorum
694 2523 843 2594 barbarie
873 2525 1034 2600 abluenda
1067 2532 1164 2606 bonae

177 2636 281 2722 ¹horte
309 2642 573 2718 consumantur?
594 2649 708 2738 Itaque
732 2669 806 2739 quae
823 2642 871 2714 illi
888 2646 1024 2720 barbare
1041 2677 1165 2746 posue-

154 2746 157 2751 ‚
190 2785 285 2856 rant,
321 2791 400 2854 nos,
434 2762 493 2859 qui
520 2788 581 2857 par
610 2763 683 2858 pari
715 2763 924 2837 referendum
949 2773 1164 2863 putavimus,

104 2862 106 2884 .
190 2892 327 2962 barbare
359 2883 573 2955 reddidimus.
622 2889 662 2953 In
697 2909 913 2980 quascunque
940 2887 1081 2987 denique
1109 2920 1167 2965 re-

190 3006 425 3106 prehensiones
466 3002 662 3090 incurrero,
708 3028 784 3073 meo
826 3007 942 3101 scripsi
983 3012 1166 3105 arbitratu,

191 3150 331 3222 meoque
354 3146 435 3192 usus
459 3145 534 3191 sum
562 3120 706 3215 judicio,
733 3121 814 3216 qui,
837 3150 1039 3223 quamquam
1069 3157 1165 3229 mag.

98 3250 100 3255 ’
192 3271 314 3318 norum
335 3243 484 3314 virorum
507 3240 633 3335 judicio
661 3238 806 3312 multum
838 3245 971 3336 tribuo,
998 3265 1107 3321 tamen
1132 3269 1166 3324 et

186 3371 252 3436 hoc
284 3366 473 3458 [requenter
502 3385 652 3456 usurpo,
670 3361 762 3456 quod
782 3387 874 3434 nuno
901 3367 1000 3440 etiam
1020 3372 1165 3468 Symboli

186 3486 260 3556 loco
287 3507 397 3580 pono,

474 3677 554 3745 Non
576 3700 630 3748 me
652 3675 812 3773 cuiquam
836 3692 1044 3781 mancipavi.

921 3910 923 3915 ⁴
972 3839 1113 3895 senece.
