2678 4584
201 297 248 391 is
401 306 960 391 cnonncounun-

211 519 221 539 ·“
236 493 503 605 'Sed'utcunque
528 509 733 606 intelligatur
770 511 824 582 illa
855 502 1064 606 conjunctio,
1097 512 1170 605 lierl

195 629 291 701 aliter
305 652 371 701 non
394 646 517 721 potest,
533 633 614 728 quin
636 658 703 728 quo
717 622 893 702 ardentiori
911 632 985 726 quis
1003 634 1037 700 in
1059 637 1166 702 Deum

196 774 308 820 amore
338 750 477 833 feratur,
502 775 542 820 eo
560 752 697 846 gravius
717 750 787 820 sibi.
804 749 927 821 bellum
952 770 1022 820 esse
1040 764 1167 821 censeat

192 866 271 939 urm
299 869 338 939 iis
365 871 482 957 rebus,
507 895 581 965 qua
609 858 764 940 mentem
784 871 824 939 ab
845 869 907 939 bae
929 860 1163 959 confirmatione

191 1000 342 1074 avocare,
374 1004 407 1060 et
436 990 478 1059 ad
505 1015 539 1060 se
568 992 737 1060 traducere
758 987 892 1060 soleant.
941 990 1067 1084 Ecquid
1091 1005 1165 1058 tan·

191 1107 274 1176 dem*
288 1108 403 1178 attinet
424 1109 489 1179 hoc
510 1108 583 1180 loco
611 1109 761 1205 persequi
780 1110 985 1201 optimorum
1010 1107 1160 1178 virorum

192 1226 359 1320 querelas,
397 1240 541 1323 quorum
572 1230 723 1299 omnium
755 1228 825 1297 hoc
851 1250 917 1296 una
945 1250 1074 1320 semper
1096 1251 1163 1301 vox

191 1345 256 1415 luit
282 1361 315 1415 et
339 1349 519 1435 sententia,
546 1347 678 1420 difficile
699 1368 770 1418 esse
787 1362 865 1417 cunt
889 1347 998 1415 rebus*
1015 1347 1160 1415 externis

189 1472 372 1551 certamen,
387 1478 391 1487 '
409 1491 552 1563 quarum
576 1468 610 1537 vi
640 1483 676 1536 et
700 1465 859 1536 illecebris
881 1491 901 1534 a
926 1466 1161 1534 communione

189 1585 282 1671 Dei,
297 1599 463 1680 tamquam
486 1587 734 1682 tempestatibus
753 1608 779 1654 a
797 1598 915 1680 portu,
928 1572 1163 1681 repellamur?-

189 1709 260 1772 lam
279 1706 368 1774 enim
394 1706 541 1800 corporis
567 1690 810 1775 necessitatibus
835 1719 1003 1788 tenemur,
1020 1705 1088 1796 jam
1107 1704 1161 1772 vi-

191 1836 234 1891 tre
258 1823 415 1893 molestiis
444 1822 647 1915 frangimur,
675 1825 741 1911 jam
769 1819 959 1915 voluptate,
988 1835 1158 1915 tamquam

189 1944 278 2028 eseli,
306 1940 489 2028 allicimur,
517 1943 652 2037 ejusque
679 1940 802 2036 laqueis
833 1941 1010 2013 irretimur.
1060 1941 1159 2029 Quod

143 2050 147 2059 ’
189 2060 217 2129 si
252 2060 303 2129 his
340 2059 478 2130 vinculis
516 2061 662 2156 optimus
694 2062 832 2156 quisque
856 2063 1084 2131 ’constrictum
1124 2083 1160 2128 so

96 2259 99 2265 ,
188 2178 308 2268 sentit,
342 2178 422 2275 quid
452 2180 584 2252 tandem
635 2179 730 2251 illos·
758 2181 878 2250 sentire
927 2181 1160 2266 arbitremur,

188 2298 248 2394 qui
293 2299 462 2395 mysticam
501 2325 601 2389 eam,
645 2301 686 2371 de
726 2324 798 2397 qua.
835 2299 1032 2396 loquimur,
1064 2322 1157 2368 ‘cum

186 2424 256 2489 neo
283 2421 549 2510 conjunctionem
580 2419 756 2490 affectent?
804 2420 865 2508 Hi,
894 2433 933 2489 ut
966 2417 1055 2488 illam
1078 2436 1159 2488 con*

185 2540 390 2633 junctionem
416 2541 549 2634 proprie
575 2539 781 2634 intelligunt,
813 2540 858 2609 ita
883 2540 981 2608 rebus
1009 2540 1042 2607 in
1078 2562 1159 2607 sen-

188 2677 244 2728 sus
262 2647 461 2744 cadentibus,
479 2673 646 2753 tamquam
663 2657 837 2754 repagulis,
850 2659 976 2727 aditum
988 2658 1029 2725 ad
1050 2662 1157 2726 Deum

187 2778 249 2848 sibi
261 2792 358 2872 atque
371 2803 485 2847 rursus
504 2784 571 2846 Dec
588 2779 629 2846 ad
647 2779 754 2872 ipsos,·
772 2776 945 2849 intercludi
957 2777 1154 2845 existimant.

187 2905 230 2969 Et
249 2923 326 2968 cum
342 2889 525 2992 superiores
543 2895 590 2969 illi
607 2923 659 2967 res
679 2913 826 2968 externas
843 2904 976 2968 rasione
995 2895 1056 2965 sibi
1074 2895 1157 2963 sub-

181 3020 301 3113 jicere,
317 3019 433 3115 iisque
453 3019 487 3089 in
511 3034 638 3107 mente,
660 3034 828 3114 tamquam
851 3019 885 3087 in
906 3040 1022 3102 scena,
1042 3039 1156 3084 secun-

81 3150 102 3238 Ἰ
186 3138 243 3208 das
262 3154 395 3237 tantum⁸
411 3135 517 3235 part'es
535 3138 842 3225 tribueresoleant,
861 3136 990 3232 Mystici
1008 3138 1077 3205 crin
1095 3134 1157 3228 ad-
1225 3154 1231 3165 ‘

183 3257 322 3347 hibent,
340 3275 373 3328 et
394 3284 470 3329 cum
493 3274 685 3346 vereantur,
702 3283 746 3329 ne
771 3282 884 3329 earum
911 3280 1024 3325 rerum
1047 3255 1155 3347 impe-

187 3393 260 3447 tum
279 3379 439 3471 sustinere
457 3392 524 3449 non
547 3380 695 3474 possint,
715 3401 768 3452 eas
797 3374 975 3470 effugiunt.
1023 3375 1084 3443 Hic
1109 3398 1157 3441 re·

95 3546 98 3556 ·
186 3522 264 3566 rum
295 3511 502 3566 externarum
529 3499 596 3566 sive
621 3512 745 3582 metus,
774 3496 841 3565 sive
870 3508 1055 3565 contemtus
1092 3492 1157 3560 ho-

186 3618 291 3686 mines
318 3616 445 3712 pepulit
469 3618 501 3685 in
532 3617 682 3705 deserta,
711 3642 797 3687 casas
824 3615 944 3685 struxit
976 3614 1009 3682 in
1037 3610 1156 3708 sylvia,

186 3737 333 3807 condidit
350 3714 562 3825 monasteria,
579 3738 708 3806 induxit
721 3734 921 3806 volurrtarias
934 3733 1157 3826 corporiscas·
1253 3750 1257 3772 ’

186 3858 376 3955 tigaticuet,
406 3858 647 3930 mendicitatem
670 3857 930 3944 monachorum,
957 3876 1056 3949 quam
1080 3856 1156 3921 cm-
