2678 4584
364 286 940 371 »furemur-suo.
1105 302 1148 401 7'1

173 520 241 567 sua
269 493 489 591 praestantiam
517 492 700 581 intueatur,
720 507 755 561 et
779 489 824 562 ita
844 491 994 562 libertate
1019 493 1154 589 dignio-

174 642 246 686 rem
278 641 313 684 se
344 614 486 700 sentiat,
519 627 557 682 ut
589 613 781 708 injuriosius
807 615 847 682 eal
878 613 1025 685 orbetur.
1077 608 1156 686 Haec

173 751 285 805 autem
306 750 431 803 naturae
455 748 575 802 nostra
595 730 808 822 excellentia,
831 734 925 823 cujus
951 757 1065 804 sensus
1087 733 1154 804 ho-

175 857 306 930 minum
326 855 443 949 injuriis
461 866 630 941 movetur,
647 868 804 949 augetur,
819 853 966 942 acuitur,
984 853 1065 949 quid
1085 869 1158 925 tan-

175 975 251 1045 dem
274 973 363 1044 aliud
389 988 459 1060 est,
487 998 588 1068 quam
619 971 675 1042 illa
706 999 785 1043 cum
806 973 916 1071 divina
939 976 1057 1045 natura
1081 974 1157 1045 affi-

175 1095 258 1164 nitas
284 1109 318 1162 et
343 1094 517 1188 cognatio,
544 1118 609 1188 qua
638 1093 745 1162 brutis
778 1092 1001 1176 animantibus
1025 1080 1158 1189 prasta-

174 1213 273 1285 mus?
304 1219 344 1281 In
362 1212 461 1305 hujus
482 1212 585 1306 igitur
602 1194 769 1283 affinitatis
785 1238 937 1302 sensum,
954 1216 1044 1308 gravi
1062 1240 1158 1285 com-

173 1349 304 1403 motum
331 1332 471 1424 injuria,
505 1357 581 1401 cum
612 1358 704 1401 mens
728 1333 819 1402 abdit
846 1357 880 1403 se
903 1349 936 1403 et
970 1333 1159 1428 immergit,

169 1467 206 1555 et
232 1477 368 1548 prorsus
399 1477 433 1520 se
460 1453 489 1519 ei
512 1451 624 1538 dedit,
647 1467 680 1520 et
700 1452 757 1521 diu
781 1453 815 1521 in
836 1478 877 1524 eo
895 1468 1061 1542 versatur;
1082 1454 1158 1549 quis

172 1598 242 1640 non
267 1569 418 1663 intelligit
437 1571 516 1639 hinc
537 1571 674 1638 existere
697 1571 813 1639 debere
834 1570 1034 1664 singularem
1055 1596 1159 1668 quan·

174 1691 303 1761 damet
322 1691 514 1777 arctiorem,
542 1716 641 1784 quarn
663 1688 757 1778 alias,
783 1690 824 1760 ad
851 1697 958 1759 Deum
986 1693 1082 1763 etad
1106 1716 1160 1762 res

174 1812 301 1881 divinas
327 1810 428 1879 animi
450 1808 720 1907 applicationem,
749 1834 822 1904 quae
855 1823 894 1879 ut
924 1811 994 1906 ipsa
1020 1811 1089 1905 jam
1109 1825 1160 1881 est

174 1930 285 2024 aliqua
319 1931 360 1998 ad
396 1931 635 2024 Mysticismum
672 1930 837 2022 accessio,
872 1930 917 2000 ita
954 1955 1032 2001 cum
1063 1932 1162 1999 vehe·
1251 1984 1254 1989 .

164 2050 329 2121 ‘urentiori
356 2046 543 2147 φαντασίᾳ
571 2050 705 2145 juncta,
729 2075 803 2145 quae
826 2051 978 2122 omnium
999 2051 1163 2147 quodam-

174 2171 275 2240 modo
302 2169 478 2239 hominum
510 2170 645 2263 propria
670 2184 737 2257 est,
767 2185 807 2240 ut
834 2186 968 2265 partum
991 2170 1161 2267 aliquem,

171 2292 222 2360 sic
244 2290 511 2384 Mysticismum,
535 2288 629 2358 editi
677 2290 820 2376 Deinde,
838 2292 970 2386 perdita
989 2289 1160 2379 libertate,

175 2435 244 2479 non
277 2423 424 2493 tantum,
457 2421 496 2476 ut
528 2407 690 2495 diximus,
722 2409 899 2479 hominum
934 2411 1070 2498 injuria,
1103 2410 1161 2478 sed

175 2529 428 2625 ipsius,jacturae
451 2527 645 2620 magnitudo
665 2528 706 2594 ad
734 2526 1008 2623 intelligibilium,
1034 2528 1067 2596 id
1091 2540 1162 2617 est,¹
1250 2578 1253 2587 ·

174 2649 360 2718 divinarum
380 2673 492 2717 rerum
510 2645 718 2742 complexum
734 2673 794 2717 nos
814 2647 980 2743 impellit:
1001 2648 1034 2719 Si
1047 2633 1161 2718 enim·¹

176 2769 393 2863 quiquidem
418 2769 529 2863 aliquo
554 2767 721 2862 religionis
747 2793 844 2837 sensu
872 2769 1021 2838 imbutus
1045 2770 1105 2856 sit,
1130 2769 1159 2838 is

175 2905 340 2983 quantum
376 2890 417 2957 ab
456 2889 557 2985 hujus
587 2888 662 2957 vitae
694 2888 792 2957 rebus
823 2901 968 2957 mentem
1003 2880 1155 2973 abducit,

176 3022 307 3077 tantum
339 3008 380 3076 ad
404 3033 455 3077 res
479 3009 605 3077 divinas
629 3008 792 3094 traducit,
818 3023 890 3076 tum
915 3022 1025 3075 autem
1051 3007 1160 3075 abdu-

175 3150 250 3197 cere
286 3128 389 3217 solet,
424 3153 502 3199 cum
533 3153 592 3213 ea,
626 3152 698 3221 quae
731 3151 791 3195 uos
816 3125 909 3195 bona
934 3124 1158 3220 appellamus,

175 3263 234 3317 aut
258 3249 414 3333 omnino,
441 3264 500 3317 aut
522 3248 697 3316 maximam
722 3263 870 3342 partem,
906 3246 1060 3316 desinunt
1088 3271 1159 3316 esse

82 3444 96 3461 1,
176 3368 279 3454 bona,
310 3392 370 3437 nec
402 3367 543 3462 amplius
577 3368 756 3455 delectant;
792 3367 866 3462 quis
903 3367 1034 3437 tandem
1059 3369 1155 3436 mire·

178 3503 254 3575 tut,
286 3489 331 3575 si,
363 3504 400 3557 ut
425 3491 546 3584 pisces,
577 3490 611 3559 in
646 3515 773 3559 nassam
799 3486 937 3577 inclusi,
961 3501 1085 3573 escam,
1110 3486 1158 3557 sic

179 3609 354 3696 nominee,
390 3607 539 3677 libertate
569 3609 705 3704 privati,
735 3610 900 3678 terrestria
928 3609 1040 3677 omnia
1064 3606 1158 3675 sasti-

180 3727 272 3799 diant
295 3753 333 3798 ac
357 3742 521 3822 spernant.
571 3730 652 3800 Idne
676 3730 802 3801 bonurn
826 3745 897 3814 est,
923 3753 990 3824 quo
1015 3727 1064 3796 uti
1088 3749 1157 3803 non
