2678 4584
209 258 292 393 ιι.ἱ
381 216 982 387 enacsssncfomnrn

210 484 295 557 que÷
292 483 384 549 eam
409 461 454 530 ob
481 483 611 530 causam
624 472 709 537 tam
737 483 819 529 vcra
834 483 874 528 ac
899 472 990 532 certa
1007 452 1066 529 iis
1061 455 1190 575 videa?

162 565 169 574 ⁸
210 593 291 673 tur,
311 602 411 674 quam
426 602 504 672 quae
520 578 667 672 corporis
690 576 838 657 sensibus
861 560 1111 672 percipiuntur,
1130 553 1190 679 fic}

210 722 242 795 ιι
232 696 353 767 aliter
373 719 442 767 non
463 710 589 791 potest,
618 695 700 790 quin
724 711 937 779 contemnant
957 698 1096 786 omnia,
1108 723 1184 793 ques

208 816 364 911 ipsorum
399 814 582 905 sententiar,
622 812 674 883 vel
709 815 840 909 potius,
867 816 979 887 firma
998 818 1067 886 veri
1093 843 1183 903 con-5
1246 825 1250 832 '

206 934 350 1007 scientim
381 935 493 1021 obesse
518 935 699 1005 videantur
737 941 860 1028 Atque
884 961 955 1044 enm
975 937 1020 1006 ob
1039 956 1194 1039 causam¹

205 1058 318 1133 Sacrae
347 1055 444 1127 etiam
472 1057 592 1125 Literas
613 1079 638 1122 a
663 1052 809 1148 Mysticis
832 1067 890 1122 aut
909 1035 1094 1142 contemni,
1119 1069 1179 1142 aut
1205 1113 1206 1117 ,

162 1166 167 1174 '⁴
205 1173 475 1268 interpretatione
502 1172 669 1267 torqueri,
689 1173 827 1267 posthac
845 1173 1073 1249 docebimus
1094 1175 1180 1281 Hinp

201 1318 340 1389 ‚quoque
368 1293 544 1377 Fanatismi
574 1293 711 1381 furores.
761 1292 865 1363 Incidi
896 1318 1003 1389 nuper
1031 1294 1067 1363 in
1087 1295 1179 1369 duos

133 1480 135 1484 .
200 1436 343 1512 pueros,
371 1411 560 1508 verberibus
588 1437 622 1481 se
646 1410 787 1481 invicem
808 1392 1025 1493 'vehementer
1038 1413 1179 1494 ¹‹rieden-

202 1545 263 1627 ιιι.
312 1530 463 1620 Sciscitor
489 1529 709 1620 contentionis
733 1554 874 1600 causam.
924 1535 1050 1602 Narrat⁴
1067 1532 1095 1602 is
1118 1533 1179 1628 qui

203 1651 364 1746 impetum
385 1650 523 1736 fecerat,
542 1675 576 1719 se
597 1649 752 1719 hesterno
774 1649 828 1721 die
848 1648 992 1746 aliquem
1023 1677 1177 1733 commu-

199 1747 279 1841 nem
304 1771 451 1865 ipsorum
478 1765 621 1837 sodalem
649 1767 797 1852 citime,
825 1783 925 1862 atque
944 1793 1020 1837 eum
1046 1771 1177 1842 cocol-

196 1890 348 1973 ‚beatum
376 1911 464 1973 esse:
498 1883 640 1973 alterum
681 1885 759 1960 boc¹
774 1882 864 1954 nolle
898 1885 1049 1972 credere,
1077 1885 1173 1960 illum
1212 1904 1214 1908 ‘

199 2007 291 2089 enim
323 2002 466 2077 sodalem
488 2003 557 2097 jam
596 2000 724 2085 dudum
759 2017 857 2098 atque
880 2002 988 2098 ,longe
1018 2007 1059 2074 ab
1075 2062 1078 2068 ⁴
1092 2007 1176 2078 urbe

198 2128 331 2197 abesse:
322 2123 461 2229 itaque
481 2146 515 2192 se
538 2121 758 2216 indignatum
749 2147 852 2211 esse,
879 2124 996 2218 quod
993 2123 1074 2195 alter
1094 2152 1174 2221 prae·

199 2245 301 2316 fracte
327 2256 479 2336 negaret,
505 2263 585 2334 quae
608 2247 680 2336 lpse
704 2242 811 2310 oculis
835 2242 1040 2336 aura‘brtsqee
1054 2269 1174 2338 perce·

191 2372 353 2466 pisset
351 2368 442 2453 Eece
460 2385 554 2456 pueri
545 2359 811 2461 indignabundi
831 2375 930 2467 atque
949 2362 1077 2432 fanatici
1092 2364 1173 2435 luri·

126 2471 305 2556 bundi
333 2480 524 2576 similitudo.
573 2485 680 2570 Quam
708 2480 797 2550 enim
826 2481 1005 2551 testimonii
1033 2484 1172 2572 auctori·

140 2626 154 2715 ι
198 2620 300 2676 tatem
336 2602 488 2719 coppris
496 2600 645 2670 sensibus
685 2601 850 2670 tribuebat
890 2627 1011 2696 puer,
1033 2605 1170 2676 eandem

136 2752 140 2757 ·
199 2723 301 2795 animi
329 2719 438 2791 sensui
465 2718 582 2789 tribuit
605 2718 772 2789 fanaticus
822 2725 871 2790 De
898 2720 946 2789 rei
963 2722 1112 2804 veritate
1121 2738 1171 2799 est

185 2843 261 2941 'ipsi
290 2839 591 2938 persuasissimum,
628 2852 661 2907 et
693 2852 825 2928 tamen,
863 2839 1021 2933 quoniam
1061 2844 1169 2914 omnis

114 2959 117 2967 ’
196 2987 294 3035 causa
310 2960 346 3030 in
367 2964 476 3029 antini
492 2955 599 3028 sensu
612 2971 777 3045 versatur,
796 2956 926 3028 nullum
945 2960 986 3027 ad
1006 2958 1077 3029 aliis
1094 2987 1169 3056 per·

197 3079 401 3154 suadendum
428 3076 544 3150 afferre
572 3091 804 3170 argumentum
831 3092 949 3172 potest.
1000 3078 1083 3150 Hinc
1111 3081 1166 3172 fit,

159 3267 168 3298 3
184 3217 235 3274 -ιιι
262 3200 407 3296 primurn
429 3220 543 3267 secum
567 3197 636 3290 ipse
658 3197 904 3290 quodammodo
923 3202 1165 3290 stomachetur,

196 3320 288 3418 quod
303 3342 379 3388 cum
405 3341 456 3386 res
478 3317 547 3411 ipsa
564 3312 650 3384 nihil
670 3314 881 3386 dubitationis
899 3314 1031 3406 babeat,
1054 3333 1164 3390 tamen

191 3429 399 3534 'argumentis
432 3450 571 3529 nequeat
591 3434 837 3531 ‘demonstrari
904 3435 1063 3517 simulac„
1085 3465 1162 3510 vero
1225 3450 1227 3454 ’

85 3572 99 3641 f
178 3574 253 3647 ,aut
290 3552 456 3650 negaverit
489 3555 564 3647 quis
596 3569 653 3622 aut
679 3553 896 3642 dubitaverit,
918 3569 991 3623 tum
1014 3556 1163 3646 animus,

195 3683 261 3773 jam
272 3676 321 3744 'ad
338 3670 632 3744 excandescentiam
656 3670 833 3761 inclinans,
851 3689 1075 3768 exasperatum
1093 3682 1162 3769 qno

178 3796 315 3873 ⁴certius
349 3770 408 3865 'est-
442 3791 545 3893 animi
582 3792 835 3885 testimonium,
866 3793 1162 3897 eomagisacui·
