2678 4584
212 309 280 395 ὠά
434 310 924 378 ευιεΡυτΑτιο

87 587 90 594 A
205 507 310 596 genus
328 497 554 594 explicuimus.
603 499 654 570 Ad
664 498 942 594 practicosenim
960 522 1071 592 caums
1091 499 1183 594 quod

207 621 338 692 attinet:
357 619 541 706 effecimus,
558 643 629 688 eam
644 619 742 689 fuisse
760 619 813 688 his
831 619 1003 713 postremis
1022 620 1185 714 tempori-

208 741 273 816 bus
297 753 328 807 et
352 740 520 834 religionis
544 753 577 807 ct
599 746 650 806 rei
670 737 820 835 publico
841 737 1085 831 conditionem,
1109 763 1185 832 quac

207 858 388 931 necessario
428 857 543 928 afferre
576 857 726 926 debuerit
753 882 904 951 maguam
930 857 1116 925 animorum
1141 857 1184 926 ad

207 980 447 1072 Mysticismum
467 974 721 1045 inclinationem.
746 978 854 1073 Hujus
872 977 917 1046 rei
933 976 1117 1046 tractationi
1131 975 1185 1045 ad·

205 1095 345 1192 jecimus
362 1097 616 1164 theoreticorum
633 1120 803 1166 causarum
814 1094 1070 1191 explicationem.
1097 1102 1184 1166 Cum

206 1218 297 1286 enim
312 1215 568 1302 ostenderimus,
585 1217 778 1309 Schelltogz'i
790 1215 971 1284 doctrinam
988 1237 1089 1308 perse
1101 1239 1186 1308 mys·

209 1334 306 1404 ticam
322 1360 412 1421 esse,
426 1359 486 1403 nec
502 1334 572 1403 lieri
585 1333 677 1403 aliter
688 1334 852 1428 potuisse,
871 1333 952 1429 quin
964 1333 1186 1427 Mysticismus

204 1478 250 1522 ex
274 1470 318 1521 ea'
334 1455 538 1548 gigneretur,
562 1451 645 1523 illud
663 1450 876 1547 intelligitur,
901 1451 1002 1549 hujus
1028 1451 1185 1521 doctrinae

118 1565 124 1575 ’
206 1597 321 1655 ,causas
345 1571 550 1667 explicuisse,
574 1573 661 1641 idern
680 1597 749 1642 esse
761 1626 771 1658 ,
785 1571 876 1666 quod
894 1570 1085 1665 Mysticismi
1104 1595 1185 1639 cau-

210 1715 261 1762 sas
286 1689 498 1786 explicuisse,
521 1694 722 1766 theoreticus
745 1688 833 1776 illas,
858 1703 890 1758 ct
906 1687 1185 1784 philosophorum

205 1811 370 1906 proprias.
421 1817 539 1879 Causas
563 1824 673 1878 autern
696 1805 941 1901 schellingianae
966 1808 1121 1877 doctrinm
1140 1809 1186 1877 ita

207 1928 374 2024 persecuti
385 1953 525 2014 sumus,
541 1941 579 1997 ut
597 1953 670 2022 quae
689 1941 772 1997 esset
790 1925 860 2021 ejus
878 1951 955 1996 curn
974 1927 1184 2022 superiorum

114 2068 117 2082 ·
210 2046 360 2117 doctrina
389 2045 667 2141 philosophorum
693 2046 905 2139 conjunctio,
928 2061 961 2116 et
984 2048 1049 2140 qud
1074 2047 1125 2115 viai
1148 2046 1184 2114 iu
1254 2047 1259 2064 ’

206 2179 404 2260 praesentem
436 2179 557 2233 statum
589 2163 796 2259 philosophia
826 2165 964 2235 deducta
993 2166 1052 2252 sit,
1077 2190 1186 2259 expo-

210 2308 375 2355 neremus.
425 2288 466 2352 Et
501 2309 541 2353 ne
571 2285 654 2378 quid
686 2311 716 2364 a¹
735 2285 830 2354 nobis
855 2269 1184 2379 praetermitteretur,

206 2403 385 2473 ‘docuimus
417 2403 514 2472 etiam
543 2407 576 2472 in
607 2404 739 2476 Kouni
757 2430 795 2475 ac
818 2405 941 2475 Fc'chtri'
961 2405 1086 2475 ratione
1109 2429 1184 2508 quae

204 2523 354 2595 inessent
378 2523 418 2590 ad
435 2523 681 2618 Mystieismum
706 2525 927 2622 adjuvandum
950 2549 987 2594 ac
1004 2547 1185 2620 praeparau·

205 2642 293 2710 dum
318 2657 498 2711 momenta.

205 2821 211 2830 ,
260 2767 375 2855 Neque
416 2774 524 2828 tamen
564 2785 615 2830 res
653 2763 718 2858 jam
758 2787 894 2857 prorsus
932 2777 983 2832 est
1014 2760 1183 2834 declarata.

173 2893 176 2896 ’
206 2888 421 2975 Quamquam
446 2881 534 2950 enim
558 2879 639 2950 illud
664 2883 843 2976 praesertim
862 2882 1010 2976 egimus,
1026 2895 1063 2950 ut
1077 2882 1186 2950 Schel-

147 3023 151 3030 ·
204 3004 312 3097 ,dittgr't‘
339 2999 582 3096 philosophiam
608 3026 666 3096 per
689 3027 723 3070 se
746 3002 914 3096 mysticam
938 3024 1006 3068 esse
1030 3001 1185 3094 probare·

215 3147 312 3205 mus,
338 3121 436 3212 hujus
465 3136 572 3188 autern
587 3120 804 3214 philosophiae
815 3144 891 3188 cum
904 3120 1064 3212 superiori
1076 3120 1184 3215 philo·

42 3283 96 3311 ‚s
208 3240 377 3333 ‚sophandi
397 3239 527 3308 ratione
543 3240 815 3329 ‘conjunctionem
838 3234 1091 3328 declararemus,
1108 3233 1185 3310 ¹nou

209 3373 327 3433 ,tamen
351 3384 390 3425 ex
414 3357 475 3426 hac
500 3383 565 3428 una
588 3373 679 3452 parte
693 3354 842 3451 'spectari
863 3359 1055 3452 Mysticismi
1072 3383 1184 3430 causas

204 3454 405 3549 nolumus*
431 3478 624 3545 Invertenda
654 3475 775 3547 scilicet
802 3502 892 3547 nunc
915 3493 964 3548 est
986 3479 1184 3571 disputatio,

204 3611 251 3685 ¹et
286 3611 355 3665 nort
380 3608 508 3669 tantum
532 3595 576 3663 ita
601 3596 799 3685 dicendum,
822 3599 1016 3692 Schellingt'z'
1035 3594 1210 3690 philosof

202 3713 331 3808 ,phiam
358 3713 454 3783 luisse
479 3727 614 3783 matrem
640 3717 978 3810 Mysticismi,verum
1003 3714 1187 3793 etiamnul-

103 3898 118 3917 ,,
205 3855 354 3916 ,morum
376 3832 417 3900 ad
440 3831 679 3928 Mysticismum
703 3828 967 3924 inclinationem,
993 3831 1028 3911 in
1051 3837 1186 3916 univer-
