2678 4584
198 338 274 431 ‘146
456 340 917 417 n'1srnrir'1o

198 557 306 607 manae
329 558 464 631 prorsus
489 537 622 633 ignarus
651 538 714 628 sit,
738 537 923 635 {obscurum
948 561 1017 609 esso
1039 552 1171 635 potest,

199 655 272 727 fieri
306 655 399 726 aliter
427 683 495 742 pou
529 658 700 753 potuisse,
735 660 817 755 quin
860 658 1035 729 hominum
1068 654 1171 743 animi
1211 715 1216 723 .

130 814 132 819 .
198 760 375 869 aliquando
406 776 446 844 ad
480 776 671 872 Mystioismi
704 778 942 873 susoeptionem
968 779 1172 851 deduceren-

197 894 265 962 tur.
291 890 443 989 'Religio
477 896 518 964 ad
549 895 649 966 uuam
673 897 833 967 rationem
858 902 1026 983 revocata,
1050 890 1172 991 ¹frigida

194 1131 1158 1158 mm

196 1311 337 1368 exerceat,
366 1321 399 1356 eo
422 1304 602 1357 robustiorem
629 1325 686 1361 eam
711 1306 772 1359 fieri
789 1323 895 1360 neeeeee
912 1316 971 1374 eat„
988 1316 1014 1359 et
1031 1308 1137 1377 longine
1154 1326 1171 1359 a

195 1397 309 1450 aalutari
326 1397 375 1448 illo
394 1399 507 1449 interitu
526 1398 623 1449 arceri.
660 1398 753 1468 ltaque
771 1401 847 1452 nihil
868 1378 971 1470 agendo
989 1401 1125 1466 tabescere
1144 1408 1172 1452 et

196 1474 318 1543 eonsumi
342 1489 430 1543 debet.
467 1488 498 1543 Si
524 1476 611 1543 autem
628 1489 710 1543 homo
730 1501 884 1561 spectetur,
903 1501 932 1545 ut
948 1503 987 1545 eat
1005 1496 1034 1544 iu
1052 1494 1173 1545 Absolu-

196 1582 246 1647 lo,
265 1601 299 1655 ne
316 1581 396 1650 horno
415 1585 524 1654 quidem
549 1585 662 1653 ampliue
688 1594 746 1650 eet,
775 1603 823 1638 nec
841 1594 930 1653 poteet
947 1587 992 1650 ei,
1009 1594 1037 1637 nt
1054 1585 1176 1636 barbare

194 1674 370 1745 loquuntur,
401 1680 534 1731 activitae
566 1680 743 1751 pereoualie,
770 1668 849 1747 quani
882 1681 1039 1746 Auonymue
1068 1679 1173 1731 Auctor

192 1772 299 1841 iactat,
325 1770 419 1823 tribui.
456 1770 595 1842 Quicquid
620 1773 730 1841 agitur,
755 1771 787 1822 ab
806 1771 938 1822 Abaolnto
957 1772 1045 1839 agitur
1063 1775 1092 1822 in
1110 1771 1172 1822 Ab·

194 1867 319 1937 solutum.
357 1863 416 1915 Hoc
441 1883 468 1915 ae
492 1866 578 1932 ipanm
603 1866 745 1929 intuetur,
765 1865 835 1916 eicut
851 1863 934 1915 otioei
951 1862 1064 1933 Myetici
1081 1864 1173 1915 unibi-

195 1946 275 2011 licoex
286 1974 346 2009 euoe
363 1957 508 2011 intuentur.
545 1952 625 2025 Quod
639 1957 666 2023 ei
682 1957 743 2026 qnia
767 1957 888 2021 dixerit,
906 1975 988 2029 ogere
1006 1967 1092 2010 tamen
1112 1958 1174 2007 Ab·

195 2053 336 2114 volutum,
361 2060 441 2119 atque
467 2069 525 2101 eam
549 2051 584 2101 ob
607 2067 711 2102 censam
735 2068 784 2102 noe
809 2051 907 2113 etiam,
927 2038 973 2119 oni
992 2051 1021 2103 in
1039 2049 1176 2101 Absolute

194 2145 300 2207 timue,
320 2142 423 2210 aliquid
450 2160 532 2211 agere
556 2142 612 2192 diei
637 2124 756 2207 debere,
782 2143 994 2209 respondemus,
1014 2143 1185 2195 Absolutum*

197 2253 256 2289 non
274 2227 375 2287 tautum
391 2253 489 2303 agere,
516 2235 563 2286 eod
589 2234 670 2286 etiam
683 2238 758 2306 pati.
796 2236 861 2303 Agit
878 2236 950 2288 euim
967 2237 998 2286 in
1015 2254 1044 2287 ae
1062 2238 1173 2305 ipsum,

92 2362 96 2370 -
198 2334 280 2394 etque
297 2332 440 2392 propterea
468 2323 538 2375 idern
551 2326 695 2395 paeeivum
712 2334 770 2390 eet,
790 2325 862 2394 quod
881 2325 1012 2378 activum.
1052 2325 1105 2376 leta
1125 2344 1175 2376 au-

177 2426 254 2473 ‘tem
272 2421 346 2471 aetio
366 2419 432 2488 quid
451 2419 558 2471 tandem
575 2417 648 2471 aliud
666 2427 725 2483 eat,
744 2436 822 2487 qnam
840 2419 941 2482 otium,
956 2437 1035 2487 qnam
1052 2414 1173 2482 desidie,

200 2531 281 2585 quani
299 2513 424 2581 ignavia,
442 2513 466 2564 'ri
483 2512 591 2582 quidem
618 2521 788 2581 comparetur
813 2530 872 2564 enm
890 2512 940 2563 illo
958 2511 1068 2576 virtutis
1084 2510 1174 2563 studio

200 2616 229 2659 et
248 2606 462 2669 exercitatione,
487 2624 567 2675 quam
585 2606 735 2675 gravissimi
752 2603 909 2674 philosophi
927 2603 1140 2655 commendant?

238 2718 263 2752 α.
282 2697 364 2769 Quod
377 2708 469 2758 ,autem
488 2700 624 2765 diximus,
651 2716 755 2751 omnem
780 2686 978 2767 Mysticiamurii
993 2704 1106 2764 propter
1123 2714 1175 2750 να·

200 2795 316 2848 rietatis
335 2794 454 2861 inopiam
474 2790 583 2845 taedium
601 2800 627 2844 et
644 2793 795 2845 antietatem
821 2792 936 2854 afferre,
956 2788 985 2839 id
1003 2789 1127 2856 inprimit
1145 2791 1175 2842 in

203 2887 372 2960 schellingii
390 2887 546 2940 doctrinam
563 2889 648 2940 'cadit-
684 2887 780 2940 Omnia
796 2885 977 2956 Myrticiamua
993 2883 1093 2936 duabus
1108 2902 1177 2953 par-

199 2986 277 3039 tibus
296 2993 422 3048 constat,
441 3002 518 3036 seusu
537 2993 562 3037 et
580 2981 729 3055 phantasia.
765 2982 815 3036 llle
829 2981 957 3053 passivus
974 2988 1030 3044 eet,
1050 2979 1105 3031 haec
1124 2998 1177 3045 oc-

201 3081 274 3133 riva.
312 3077 411 3131 Senaiie
429 3079 554 3143 affectio,
581 3087 611 3129 ut
636 3079 768 3140 diximus,
796 3076 908 3142 eimplex
932 3082 973 3125 ert
994 3083 1021 3126 et
1039 3073 1176 3126 varietatis

202 3172 263 3225 fere
282 3189 384 3262 experr.
421 3154 515 3243 Itaque
541 3174 564 3223 si
591 3171 656 3241 quid
674 3170 812 3249 varietatis
829 3167 1011 3257 lllpaticiamua
1028 3165 1128 3232 habet,
1148 3167 1177 3219 id

142 3313 147 3323 .
189 3270 284 3318 'omne
311 3255 427 3335 poeitum
452 3284 507 3320 eeae
527 3266 647 3318 ‘lebet'
638 3284 668 3317 rn
695 3244 862 3316 Planta-rio.
897 3260 957 3313 lam
974 3259 1177 3329 schellingiana

199 3355 347 3430 phantasia
364 3376 422 3411 cem
441 3360 607 3430 reliquorum
632 3357 811 3427 Mysticorum
828 3354 969 3427 phanheia
987 3363 1175 3425 comparetur,
1245 3350 1250 3357 ⁸

203 3463 236 3507 nt
253 3452 423 3523 intelligatur
442 3458 543 3523 quanto
561 3455 645 3523 magia
662 3454 728 3515 illa,
756 3469 834 3520 quam
859 3449 916 3504 liaec
934 3452 1072 3504 varietati·
1089 3449 1180 3501 dalee-

202 3547 308 3621 tatlone
326 3556 426 3600 careat.
461 3547 571 3617 Reliqui
587 3535 778 3615 Mysiictscum
794 3544 827 3596 de
845 3542 904 3597 Deo
921 3546 1085 3613 loquuntur,
1103 3556 1180 3609 eym-

195 3639 296 3695 *heliae
313 3643 480 3711 loquuntur,
505 3640 525 3691 i.
544 3657 568 3690 e.
587 3655 676 3716 rerum
693 3639 833 3691 finitarum
854 3638 978 3691 notionee
1002 3652 1050 3705 per
1068 3649 1181 3701 exagge-

205 3734 338 3786 rationem
357 3726 386 3787 in
403 3733 524 3787 divinam
541 3741 662 3785 naturam
674 3732 864 3809 transierunt.
901 3732 997 3799 ltaque
1021 3725 1107 3778 Deum
1130 3745 1193 3802 up·¹
1275 3720 1279 3727 ’

205 3828 311 3896 pellant
338 3845 493 3893 oceanum,
520 3828 632 3895 ignem,
657 3827 745 3880 lucan
773 3837 824 3881 cet.
862 3825 909 3878 llli
934 3824 1016 3892 igitur
1033 3819 1182 3889 phantasiae

203 3914 321 3975 habenae
338 3921 496 3990 remittere,
517 3938 629 3992 eantque
646 3920 830 3992 symbolorum
852 3915 1029 3975 ualetudine
1042 3931 1073 3969 ac
1091 3914 1183 3970 raria-
