2678 4584
367 312 983 397 nenrsrr-ers‘no
1072 327 1140 405 ros

213 526 329 615 Itaque
351 517 588 614 Schellingiana
611 511 759 589 doctrina
783 533 963 615 utrumque
985 522 1142 616 Mystieis·
1172 498 1181 515 Ἰ

167 638 216 711 mi
240 636 344 734 genus
373 639 497 733 adjuvit
526 664 564 708 ae
587 638 731 733 peperit,
764 662 843 708 cum
866 638 957 733 quod
982 639 1142 717 insensu

167 760 314 857 positum
338 744 404 846 est,
436 773 508 828 tum
532 759 623 852 quod
648 757 681 827 in
699 757 903 858 phantasia.
953 763 995 828 Et
1018 758 1053 828 in
1076 745 1170 834 hoe¹

167 878 302 975 quidem
335 877 509 974 posteriori
533 901 652 971 genere
676 876 827 971 inprimis
850 876 911 946 ista
933 876 1143 974 philosophie

167 1023 202 1068 se
230 1002 347 1091 jactat,
380 1012 419 1067 ut
453 994 653 1093 paulopost
681 993 900 1091 intelligetur,
924 997 983 1066 ubi
1006 999 1143 1070 docebi-

166 1142 258 1206 mus,
284 1116 452 1213 quomodo
476 1118 537 1185 iste
561 1115 783 1212 Mystieismue
808 1116 843 1184 in
867 1114 1035 1212 religionis
1059 1145 1141 1191 mu„

166 1262 212 1333 sa,
226 1250 351 1308 exserat
372 1261 407 1305 se
430 1259 468 1305 ac
491 1233 671 1330 patefaciat.
720 1235 943 1324 Quamobrem
961 1262 1055 1308 nuno
1071 1238 1144 1334 qui*-
1214 1265 1216 1270 ·

165 1357 242 1426 dem
266 1357 372 1426 obiter
395 1379 466 1435 rem
491 1353 669 1447 attigimus.

215 1482 284 1574 lam
308 1489 482 1568 antequam
507 1472 672 1567 reliquum
697 1471 797 1563 hujus
820 1471 1049 1569 disputationis
1078 1476 1143 1547 iter

166 1617 426 1692 persequamur,
465 1591 531 1668 hoc
568 1589 642 1661 loeo
679 1585 878 1686 respiremus
911 1592 1141 1688 aliquantum,

166 1715 238 1785 Viri
270 1710 503 1797 eruditissimi,
536 1724 570 1781 et
600 1725 762 1819 quantum
787 1711 830 1781 sit
852 1711 1038 1787 eonsensum
1063 1740 1144 1810 spe-

52 1877 54 1882 ·
167 1835 272 1919 tium,
296 1830 551 1901 consideremus.
601 1830 785 1919 Quaesitum
809 1855 828 1900 a
850 1831 951 1902 Vobis
970 1848 1044 1922 est,
1068 1837 1142 1929 qui-

167 1953 307 2022 busnam
337 1950 469 2020 tandem
498 1948 604 2018 causis
627 1947 725 2018 multi
748 1951 810 2018 hac
832 1963 926 2019 aetate
949 1951 1144 2048 philesophi

168 2097 206 2141 ac
229 2067 375 2164 theologi
398 2069 433 2136 in
457 2091 528 2138 eam
553 2068 620 2139 sint
644 2069 837 2138 sententiam
861 2069 1014 2159 adducti,
1044 2073 1144 2143 utin
1223 2147 1226 2154 ,
1258 2139 1263 2147 ,

153 2191 371 2287 ¹Mysticismo
393 2185 560 2282 religionis
582 2185 650 2257 vim
673 2212 714 2257 ao
735 2202 888 2258 naturam
911 2192 1052 2285 positam
1072 2216 1145 2265 esse

83 2307 88 2312 ’
168 2309 312 2406 putent?
360 2308 484 2377 Omnis
506 2307 609 2400 igitur
640 2292 777 2399 quaestio
807 2323 878 2378 arat
908 2309 950 2378 de
972 2309 1144 2405 religione.

169 2435 263 2515 lam,
297 2440 336 2495 ut
358 2425 466 2495 omnis
490 2422 605 2518 religio
629 2439 686 2493 aut
709 2425 845 2495 rationis
868 2441 934 2514 est,
959 2443 1019 2496 aut·
1039 2430 1144 2500 animi
1223 2415 1227 2436 ¹

169 2573 207 2618 ac
230 2545 361 2620 sensus:
386 2567 447 2614 nos
471 2557 601 2637 recepto
625 2567 719 2612 more
740 2543 958 2620 theoreticam
978 2571 1016 2616 ae
1028 2572 1144 2643 prue-

169 2675 273 2737 tr'cam
303 2662 523 2760 appellemus:
552 2662 597 2732 ita
621 2662 768 2768 bilariam
794 2662 940 2759 intelligi
954 2666 1052 2737 etiam
1076 2692 1142 2763 po·

170 2803 233 2857 test
257 2785 330 2873 illa,
355 2809 455 2879 quam
479 2781 653 2877 posuistis,
680 2783 841 2876 questio,
861 2797 902 2853 ut·
918 2782 969 2853 vel
987 2784 1027 2857 de
1034 2771 1143 2881 prde-

169 2908 245 2976 treta
266 2903 459 3002 Mysticismi
482 2902 607 3001 nausis,
632 2900 683 2971 vel
706 2903 746 2970 de
769 2903 958 2971 eteoreantc
980 2929 1143 2999 quaerere-

171 3042 237 3097 tur.
301 3030 478 3101 Pmett'cas
509 3020 711 3117 appellamus
744 3046 820 3107 eas,
855 3046 938 3117 quas
969 3022 1004 3100 in
1039 3024 1142 3122 hujus
1193 3030 1197 3037 '
1237 3060 1239 3065 =

142 3145 292 3239 'Capitis
322 3144 417 3214 initio
446 3143 652 3216 namnam
676 3141 835 3228 diximus,
863 3148 1011 3213 omasum
1030 3143 1146 3220 demde

171 3288 270 3349 num,
304 3269 374 3333 sive
400 3250 723 3351 cornewalenses
746 3266 898 3333 nationis
927 3284 1142 3353 commum,

171 3408 240 3454 non
272 3381 306 3449 in
336 3374 650 3476 doetrinae'alioujus
674 3380 850 3451 theoretice
873 3379 1000 3471 lorml,
1024 3382 1144 3454 sedin

170 3501 272 3572 animi
284 3498 501 3595 impulsione
518 3501 605 3570 sitas.
646 3498 848 3603 'theoreticae¹
862 3498 1054 3595 Mystieismi
1067 3497 1145 3573 osu·

171 3647 215 3692 σω
249 3620 370 3691 eaedem
403 3632 501 3704 sunt,
538 3644 620 3713 quas
649 3633 726 3688 ante
757 3616 949 3713 singrdares
975 3618 1144 3718 diximus,

171 3743 373 3811 emdt‘torum
393 3743 573 3833 propraus,
599 3761 738 3831 quaeque
761 3734 917 3831 peculiari
939 3733 1048 3831 aliqud
1071 3737 1144 3832 phi,

174 3856 335 3955 losoplrias
362 3859 470 3932 sumt
490 3856 712 3937 eontinentur.
761 3859 949 3951 Utmmque
969 3863 1142 3930 onasum
