2678 4584
150 200 224 339 aar
409 189 870 316 ntsrursrto

18 466 21 470 ·
149 435 243 523 nihil
281 437 352 509 otio
392 432 562 509 molestius
602 451 697 531 putet
735 450 768 505 et
801 433 914 505 sedulo
945 436 1125 530 anquirat,

139 538 247 653 'quod
276 571 370 650 agat,
405 556 480 650 quis
514 554 644 625 tandem
668 555 800 637 credat,
825 534 896 624 eim
920 553 1124 646 doctrinam,

151 701 227 779 quae
256 675 382 745 animos
414 672 536 745 desidia
568 688 720 762 enervet,
744 672 888 805 aliquam
913 673 1121 749 stabilitatem

151 818 223 883 esse
247 791 464 867 babituram?
510 799 554 863 Et
557 793 723 926 corporis
746 793 813 865 vita
836 792 906 863 sine
927 790 1040 867 labore
1054 809 1125 866 tra·

151 894 230 1003 duci
261 913 396 993 fortasse
425 926 556 1007 potest,
588 911 689 982 animi
714 937 783 983 non
806 926 925 1009 potest.
973 920 1051 1010 Ipso
1072 911 1125 985 la-

150 1032 299 1121 bore,
289 1058 312 1101 1.
335 1056 370 1102 e:
389 1031 586 1126 cogitatione
617 1045 652 1100 et
687 1032 874 1126 cognitione
904 1057 1017 1104 rerum
1050 1035 1122 1125 ejus

152 1151 221 1239 sita
255 1151 462 1252 continetur,
495 1148 712 1249 boe-pabulo
746 1149 855 1221 alitur.
903 1156 971 1222 Nec
993 1153 1126 1246 cogitur

149 1271 315 1343 adhunc
342 1268 509 1367 laborem,
542 1269 599 1339 sed
628 1285 743 1364 suapte
771 1285 889 1341 natura
921 1271 1047 1358 fertur,
1070 1285 1125 1340 at·
1188 1343 1215 1372 χ

147 1415 218 1488 que
251 1391 296 1460 ita
332 1389 433 1484 hujus
462 1388 575 1484 pastris
609 1402 764 1484 appetens
797 1404 867 1477 est,
894 1403 932 1470 ut
956 1414 995 1459 eo
1021 1390 1048 1460 si
1071 1414 1124 1459 ca·

146 1523 244 1598 reat,
275 1509 416 1579 tabescet
448 1521 483 1576 et
512 1520 675 1577 enecetur.
701 1548 749 1563 -
771 1508 918 1596 Deinde,
949 1510 1014 1579 boc
1046 1534 1123 1579 cou-

141 1626 312 1714 ,siderate,
347 1626 382 1696 in
413 1625 528 1695 sensds
559 1627 783 1697 commotione
816 1652 917 1722 quam
947 1652 1065 1722 parum
1089 1640 1124 1697 et

146 1771 253 1842 quam
280 1743 369 1815 nihil
401 1744 515 1839 potius
533 1744 725 1819 'careretis
761 1744 848 1817 insit.
897 1751 972 1839 lpsa
995 1745 1123 1814 affectio

149 1864 287 1935 fortasse
320 1863 409 1934 varia
440 1887 516 1934 esse
544 1876 683 1957 potest,
719 1877 758 1932 ut
791 1861 870 1935 alias
901 1863 1124 1935 vehementior

143 1983 216 2072 sit,
247 1981 323 2052 alias
352 1980 479 2069 lenior;
511 2005 616 2076 genus
651 1980 834 2052 affectionis
869 2006 998 2076 semper
1032 1984 1124 2053 ιἰἰειιι

149 2116 212 2173 est.
260 2101 392 2199 Eadem
422 2125 475 2170 res
505 2099 624 2192 eodem
657 2099 756 2169 modo
780 2099 925 2169 eandem
949 2125 1020 2171 rem
1044 2101 1121 2171 affi-

90 2300 95 2309 ,
148 2221 206 2293 cit.
256 2220 349 2290 Ratio
383 2218 498 2287 contra
524 2216 719 2304 materiam,
746 2242 845 2312 quam
881 2232 1018 2305 tractat,
1041 2220 1123 2288 mul·

68 2374 73 2381 -
146 2340 337 2436 tripliciter
372 2350 498 2407 vertere
529 2348 566 2405 et
597 2359 638 2405 ex
666 2343 776 2406 acub
804 2336 962 2432 partibus·
977 2354 1123 2434 spectaro

145 2452 270 2556 potest.
318 2454 388 2526 J‘am
417 2454 569 2525 notiones
598 2478 711 2524 rerum
747 2456 937 2551 conjungit,
964 2457 1032 2551 jam
1060 2456 1122 2527 dis·

143 2556 283 2673 iungit3
319 2576 388 2666 iam
422 2573 591 2669 synthesi,
625 2573 695 2669 jam
733 2574 872 2671 analysi¹
896 2574 1023 2663 utitur3
1054 2576 1122 2667 jam

145 2695 257 2793 hanc,
280 2694 349 2788 jam
375 2691 472 2762 aliam
494 2693 745 2787 argumentandi
776 2694 940 2764 rationem
976 2694 1122 2765 adhibet.
1173 2676 1177 2683 „

148 2819 234 2903 Quae
258 2794 420 2882 varietatis
454 2809 627 2882 delectatio
656 2836 696 2882 eo
723 2813 902 2882 necesssrm
929 2810 1038 2883 ¹uslere
1066 2813 1124 2883 dc—

147 2930 228 3029 bet,
261 2947 300 3003 ut
331 2930 467 3002 rationis
492 2930 698 3026 principatus
727 2929 917 2999 diuturnior
952 2930 995 3000 sit
1022 2955 1124 3027 quam

147 3028 352 3125 bnsus-
388 3049 537 3145 Denique
586 3049 790 3137 notionum,
839 3044 960 3143 quibus
1008 3074 1122 3123 seusus
1203 3028 1206 3035 Ι

145 3183 399 3258 commovetur,
425 3168 623 3238 obscuritas
655 3166 776 3254 efficit,
812 3181 873 3255 ut,
905 3168 933 3238 si
963 3193 1041 3240 cum
1069 3193 1123 3240 rs-

145 3274 241 3359 tione
268 3288 478 3376 conseratur,
499 3311 572 3357 non
602 3285 666 3356 uisi
693 3282 809 3356 brevis
830 3285 900 3381 ejus
931 3286 1121 3359 dominatus

147 3431 219 3505 esse
255 3421 363 3503 queat.
412 3410 491 3503 Nou
518 3429 624 3500 nego,
650 3404 827 3503 bominum
860 3403 1046 3501 vulgarium
1088 3419 1122 3477 er

106 3621 108 3625 Ι
147 3526 347 3623 igmtoruin
376 3516 514 3623 omnm
535 3548 627 3619 ,pene
649 3510 814 3594 vitam'in
832 3525 988 3597 ,obscuris
1008 3548 1124 3596 rerum
1191 3538 1194 3545 '

147 3644 403 3739 intelligibilium
452 3643 649 3713 notionibus¹
681 3642 856 3719 consumit
893 3645 971 3740 quis
1010 3655 1121 3713 autem

135 3765 363 3866 philosophus
397 3760 478 3834 adeo
511 3786 663 3861 personae
684 3776 759 3843 sua
784 3761 911 3836 oblitus·
940 3780 1011 3832 esse
1039 3784 1121 3857 pos·¹
