2678 4584
173 305 246 407 qia
395 295 892 408 ..piscariam

175 490 300 563 tionem
332 487 542 559 duomueam
570 487 682 584 magia·
697 487 821 576 etiem,
848 512 948 584 quam
970 488 1149 583 Kanttne.

176 588 371 693 contemsit,
394 607 449 675 sed
475 607 620 700 negavit,
644 609 718 696 jure
740 633 761 676 a
790 608 927 679 Kanle'o
949 609 993 679 ita
1012 635 1083 681 esse
1099 637 1148 683 ra·

174 728 299 813 tionem
321 724 530 813 conclusam,
550 725 675 799 nullam
697 750 767 797 esse
788 728 884 798 nobis
908 752 1020 799 rerum
1045 728 1146 801 intel-

173 843 348 942 ligibilium
374 845 607 938 coguitionem,
655 847 744 933 Quid
771 848 873 940 igitur
903 848 1005 929 lecit?
1027 849 1148 944 plean-

174 971 301 1069 tceiom
331 964 480 1061 obtinere
507 962 622 1055 uoluit¹
635 962 746 1035 locum
773 962 931 1055 rationis3
953 990 1022 1037 esse
1050 968 1147 1041 nobis

174 1078 362 1157 facultatem
396 1084 510 1154 statuit
540 1085 695 1171 uuuenm'
721 1110 773 1154 res
802 1083 1029 1181 intelligibiles
1078 1094 1146 1159 Po·

176 1218 283 1276 testne
313 1205 468 1298 cuiquam
493 1203 632 1272 dubium
663 1226 752 1291 esse,
783 1206 887 1301 quin,
914 1207 1003 1302 quod
1034 1208 1148 1282 Kan-

175 1330 242 1405 ttits
263 1324 421 1393 rationem
448 1323 660 1411 theoreticam
683 1325 926 1418 prostravisset,
947 1350 986 1395 ea
1004 1326 1073 1420 ipse
1093 1349 1150 1401 res

176 1442 267 1537 apud
296 1442 530 1534 Sedeldngcitm
559 1444 696 1537 ejusque
722 1428 895 1525 mutares
926 1443 1070 1515 multum
1089 1471 1149 1516 va-

176 1560 277 1634 luerit
314 1561 356 1657 ad
400 1559 620 1655 arripiendam
648 1560 888 1656 phantasiam,
919 1582 994 1658 quae
1010 1540 1013 1549 ⁴
1031 1565 1154 1637 rationi¹

177 1656 270 1789 quasi
305 1679 515 1775 succederet?
561 1681 723 1776 Equidem
746 1697 844 1769 ¹certe
875 1683 931 1753 ita·
954 1684 1037 1755 mihi
1070 1711 1152 1780 per-

173 1802 319 1888 suadeo,
346 1800 374 1871 si
401 1800 579 1888 Kanna,
609 1815 771 1896 quantum
805 1801 964 1873 rationem
996 1803 1152 1875 theoreti-

47 1919 51 1930 '
177 1946 249 1997 eam
283 1918 500 2005 labefactavit,
531 1932 659 1989 tantum
685 1920 756 2009 ejus
777 1921 1004 1991 anctoritatem
1031 1924 1150 1992 confir-

175 2053 312 2123 masset,
344 2037 523 2135 autetiam
554 2037 708 2107 intactam
736 2034 944 2132 reliquisset,
965 2065 1149 2133 numquam

176 2159 328 2242 futurum
356 2156 476 2238 luisse,
503 2168 541 2225 ut
565 2155 599 2225 in
624 2180 737 2227 rerum
759 2154 1012 2251 intelligibilium
1037 2161 1159 2253 cogni-z

177 2277 269 2347 tione
295 2272 370 2369 plus
397 2273 699 2393 phantasiarqquam
726 2275 849 2345 rationi
880 2276 1066 2349 theoretice
1086 2279 1150 2349 tri-

176 2395 343 2495 bueretur.
395 2393 526 2486 chtci'
541 2392 721 2480 sententia,
744 2419 796 2465 res
819 2394 1037 2491 intelligibiles
1054 2423 1073 2466 a
1089 2423 1150 2468 no·

173 2515 229 2587 bis
246 2512 398 2608 cognosci
422 2537 491 2597 non
505 2537 631 2608 posse,
655 2513 781 2608 peperit
808 2517 1006 2616 contrariam
1033 2518 1151 2591 Schel-

178 2634 277 2726 lingzi'
296 2608 512 2717 sententiam,
541 2657 594 2701 eas
614 2656 665 2700 res
687 2630 824 2702 omnino
845 2659 865 2705 n
887 2635 982 2706 nobis
1005 2661 1152 2730 cognos-

178 2754 209 2827 ci
236 2776 341 2847 posse.
390 2754 433 2819 Et
461 2748 552 2844 quod
583 2750 740 2820 Komaia
766 2753 959 2824 sententiam
982 2778 1075 2825 suam
1105 2756 1152 2827 ita

148 2852 151 2860 ¹
179 2873 445 2958 confirmaverat,
469 2882 507 2937 ut
531 2868 691 2938 rationem
714 2871 871 2965 temporis
896 2872 1056 2968 spatiique
1081 2887 1152 2942 ter-

181 2991 281 3067 minis
310 2986 588 3082 circumscriptam
610 3012 680 3077 esse
703 2988 843 3076 diceret,
869 2989 1085 3087 Schelli'ngius
1109 2992 1152 3065 ad

181 3110 387 3209 phantasiam
409 3121 443 3177 et
469 3111 681 3179 lucumonem
708 3106 968 3182 intellectualem
991 3111 1151 3208 conlugit.
