2678 4584
364 327 426 375 na
476 283 958 377 ursrrclrs'aro.
1061 327 1147 405 ,ψ
1192 375 1195 381 ,

170 495 370 586 uobiscum,
392 495 541 594 cpulari,
564 511 720 592 putemus
751 522 846 593 posse
878 497 942 596 (r).
991 499 1047 570 Sin
1071 501 1159 571 vero·

172 638 246 690 eam
271 619 441 688 notionem
467 618 684 719 informamus
702 619 721 705 ,'
739 644 814 712 quae
837 619 936 715 digna
959 635 1009 689 est
1033 598 1153 690 natur-d

174 750 274 835 atque
288 732 463 830 'majestate
495 738 626 824 divinat,
657 727 837 832 equidem,
868 726 1037 832 quomodo
1067 728 1161 828 ratius

176 875 266 930 certo
290 858 434 947 efficiat,
458 848 546 927 illam
571 857 845 940 necessitudinem
870 858 1009 928 existere
1025 864 1154 954 posce,

177 981 281 1051 fateor
299 1003 362 1048 me
391 1003 459 1047 non
491 975 680 1071 intelligere.
715 966 916 1073 'Antequam
949 979 1066 1067 enim,
1089 979 1154 1049 ali4

177 1126 277 1195 quarn
311 1124 381 1167 rem
416 1122 486 1166 esse
514 1120 619 1192 posse
652 1097 854 1192 (possibilem
886 1097 972 1190 esse)
985 1123 1003 1188 ,⁸
1027 1100 1161 1181 efficere

178 1219 358 1314 queamus,
394 1217 514 1285 habere
547 1219 608 1285 uos
643 1216 773 1286 neces‘se
806 1217 856 1287 ¹est
891 1216 1034 1313 aliquam
1066 1217 1163 1290 illius}

178 1342 225 1409 rei
259 1339 450 1423 notionem,
483 1336 594 1404 animo
630 1325 831 1430 impressam.
882 1338 1067 1406 Habeamus
1092 1338 1167 1433 igi-⁵

178 1475 238 1530 tur
270 1457 413 1550 aliquam
450 1455 619 1525 notionem
655 1452 743 1525 illius
778 1456 1048 1545 necessitudinis,
1083 1464 1162 1552 quae'

181 1581 329 1650 humano
352 1577 462 1670 generi
488 1602 564 1647 cum
589 1576 698 1645 divina
721 1590 839 1645 natura
864 1575 1053 1647 intercedat.
1084 1555 1176 1648 ¹Er-¹
1224 1600 1226 1603 ’

151 1677 153 1687 ¹
183 1723 248 1791 go,
273 1699 402 1791 inquit,
419 1695 595 1792 posscddir
618 1709 668 1765 est
690 1693 746 1764 iila
770 1695 996 1783 necessitudo,
1022 1697 1161 1793 cogitari

182 1819 272 1888 euim
296 1832 414 1913 potest.
465 1823 548 1885 Cave
581 1815 626 1884 ita
655 1817 897 1910 argumentare.
946 1822 1006 1886 Est
1028 1824 1165 1890 tantuni‘·
1224 1842 1225 1845 ’

183 1940 297 2033 logtca
319 1920 540 2030 possibilitas,
573 1950 611 2003 ut
645 1931 833 2029 appellaut3
857 1936 1009 2007 accedere
1031 1953 1163 2034 oportet

185 2055 434 2153 possibilitatem
465 2055 755 2152 metaphysicam,
783 2055 822 2125 ‘in
846 2055 915 2151 ipsa
939 2058 1010 2147 rei,
1033 2058 1075 2128 de
1098 2074 1166 2155 qua'

185 2192 322 2272 agatur,
347 2178 464 2245 naturai
498 2170 689 2244 fundatam}
713 2173 735 2244 i.
760 2199 789 2244 e.
815 2190 854 2245 ut
878 2201 930 2245 res
953 2175 1063 2272 aliqua
1080 2184 1167 2274 pos-³
1276 2260 1279 2264 ⁴

187 2297 293 2366 suctu
324 2295 473 2378 dicatur,
506 2319 574 2362 non
604 2291 736 2363 tantum
770 2297 945 2366 convenire
968 2296 1064 2367 debet
1087 2324 1167 2371 cum

188 2413 318 2507 iegibus
341 2413 538 2507 cogitandi,
563 2411 803 2500 verumetiam
833 2437 910 2481 cum
943 2411 1071 2506 legibue
1093 2425 1167 2488 eccl*
1200 2425 1201 2429 ’

189 2535 311 2602 utendi.
361 2532 427 2619 Qui
450 2530 691 2625 igituedooere
721 2527 815 2618 vult,
840 2554 936 2616 eam,
960 2533 1002 2601 de
1024 2559 1090 2629 qua
1113 2534 1168 2607 lo·

193 2654 351 2747 quimur,
373 2650 663 2749 ¹necessitudinem
700 2673 769 2718 esse
802 2674 930 2745 posse,
965 2651 993 2720 is
1027 2653 1170 2728 demon·

194 2788 302 2841 strate
320 2771 437 2859 debet,
464 2795 535 2839 eam
567 2794 635 2839 non
668 2761 816 2863 pugnare
840 2795 917 2841 cum
946 2770 1072 2866 legibus
1098 2776 1171 2848 ext»

193 2893 315 2962 standi.
363 2890 436 2979 Hoc
469 2880 578 2962 autem
615 2890 838 2959 demonstrare
861 2916 930 2960 non
954 2906 1084 2987 potest,
1107 2897 1171 2970 nisi

170 2984 359 3106 ⁴'cr'ignitam
384 3008 500 3079 habeat
529 3034 566 3078 ac
590 3007 792 3104 perspectam
824 3026 976 3081 naturam
1001 3012 1169 3107 divinam,
1251 2996 1252 2999 Ἴ

198 3131 233 3200 in
258 3152 345 3225 qua,
368 3143 408 3199 ut
435 3131 480 3198 ita
507 3128 635 3218 dicam,
664 3129 809 3222 positum
840 3145 889 3200 est
916 3130 1005 3203 illius
1035 3136 1175 3229 possibi-

111 3309 113 3314 .
200 3249 299 3324 litatis
336 3249 598 3319 fundamentum.
648 3250 682 3319 si
718 3275 807 3321 enim
846 3266 964 3323 natura
988 3253 1098 3326 divina
1125 3280 1176 3329 re·

242 3684 281 3752 (c)
302 3679 383 3736 cont.
399 3657 490 3737 austra
509 3684 640 3752 scriptio:
663 3689 814 3758 Fragment
831 3705 913 3740 ωπον
936 3686 1102 3762 Voorlezing
1118 3710 1183 3746 om

206 3780 242 3829 de
259 3779 410 3830 Godenleer
418 3796 472 3830 van
482 3781 619 3831 Homerus
629 3818 637 3844 ‚
648 3782 676 3830 iu
695 3783 768 3832 libro
780 3818 787 3844 ‚
799 3783 843 3832 cui
862 3783 957 3833 titulus
966 3818 973 3844 ,
983 3785 1182 3856 Mnemosyne,

207 3872 249 3926 ed.
269 3891 285 3924 a
307 3848 483 3942 Tydemami'o
500 3884 529 3927 et
546 3894 571 3928 r·
589 3876 735 3948 Kampsa,
757 3878 833 3940 Pom,
851 3873 890 3931 ΙΙ.
904 3893 936 3948 p.
955 3874 988 3952 57
1006 3893 1069 3948 sqq.
1136 3884 1158 3895 ”
