2678 4584
197 270 269 349 266
455 274 921 344 Dtsrurt'rto

193 481 269 537 tur:
299 462 376 536 falsa
403 464 491 535 enirn
525 491 577 537 res
599 467 787 539 rideretur.
837 471 895 542 Sin
923 495 1002 540 vero
1026 492 1179 539 movere·

181 601 271 687 llffs
309 587 344 654 in
383 586 463 656 silea
499 587 568 672 rei,
602 613 669 657 non
706 589 739 658 in
773 591 929 681 veritate,
958 590 1064 686 posita
1091 604 1179 661 esset

125 771 130 779 .
193 706 430 791 commotionis
455 733 562 778 causa.
611 708 678 798 Qui
704 710 806 805 igitur
839 712 955 781 sensbs
980 711 1189 801 auctoritate,

193 851 265 903 rein
298 825 441 921 aliquam
485 808 620 897 <lobiam
658 854 739 923 pro.
761 845 850 899 certa
885 855 955 900 esse
990 830 1182 932 babendum

192 946 380 1043 existimat,
412 948 447 1017 in
489 945 584 1018 illum
627 949 816 1043 disputandi
856 974 1004 1045 errorem
1040 951 1178 1038 incidit,

192 1091 293 1161 quam
336 1071 505 1164 parergon·
543 1073 745 1164 petitionem
791 1068 950 1140 dialectici
997 1067 1177 1165 appellant,

109 1265 111 1272 ,
192 1193 378 1281 Antequam
411 1187 500 1259 enim
532 1212 647 1258 sensus
684 1191 722 1258 et
756 1214 815 1276 re,
853 1205 896 1290 ut·
918 1192 1016 1275 verb,
1044 1187 1183 1279 moveas
1276 1182 1280 1193 '

160 1336 164 1353 ¹
193 1319 271 1405 tur,
301 1306 386 1377 ratio
412 1305 502 1378 illam
528 1308 570 1376 ab
600 1332 639 1376 ea
662 1323 754 1403 parte
781 1325 927 1405 spectare
956 1310 1074 1392 debet,
1106 1333 1177 1402 qua

192 1449 270 1512 vera
294 1450 375 1526 esse,
392 1426 533 1498 videtur.
584 1429 686 1522 Atqui
722 1429 837 1499 eodem
871 1431 944 1520 jure
972 1454 1013 1498 ex
1044 1427 1183 1497 adversa

192 1559 286 1641 parte
318 1546 517 1616 considerari
558 1563 696 1642 poterat.
756 1549 788 1619 Si
822 1550 926 1644 igitur
964 1563 1054 1619 tanta
1094 1562 1183 1635 esset

193 1665 309 1763 sensus
344 1666 552 1760 auctoritas,
589 1682 804 1762 sequeretur,
843 1670 1011 1739 veritatem
1057 1669 1103 1737 rei
1144 1667 1180 1737 in

95 1815 96 1818 ¹
193 1809 270 1879 casu
295 1811 365 1886 esse
389 1786 531 1882 positam
559 1802 658 1882 atque
686 1787 721 1856 in
750 1787 888 1858 arbitrio
912 1791 1002 1880 ejus,
1023 1788 1082 1883 qui
1106 1766 1180 1856 eam

118 1986 120 1997 ‚
194 1931 264 1999 rem
293 1907 334 1985 ab
357 1905 415 1977 illa
446 1906 562 1996 malit,
591 1933 692 2003 quam
720 1909 761 1978 ab
794 1908 856 1978 bac
881 1924 994 2004 parte,
1021 1922 1178 2003 spectare.
1207 1998 1214 2015 Ι

219 2024 277 2127 ’,5.
316 2027 415 2116 Quod
447 2043 616 2124 postremo
650 2026 724 2098 loco
759 2027 991 2122 quesivimus,
1026 2041 1181 2122 possetne

195 2148 402 2247 ac..deberet
438 2173 552 2218 sensus
594 2149 714 2216 rationi
756 2148 929 2218 succedere
967 2163 1070 2236 tum,
1101 2173 1181 2218 eum

154 2308 157 2315 ,
194 2269 266 2339 baec
282 2267 425 2364 aliquam
442 2267 626 2341 doctrinam
647 2267 731 2370 benp
751 2268 915 2362 cognitam
934 2268 1069 2339 haberet
1083 2282 1181 2337 esset·

195 2414 261 2484 que
278 2387 309 2458 ei
328 2387 369 2485 de
386 2384 476 2457 illius
487 2388 623 2457 veritate
644 2412 839 2483 persuasum
853 2414 863 2476 ;
881 2403 930 2459 est
949 2387 1031 2458 illud
1048 2387 1181 2457 anobis

194 2509 364 2605 positum,
392 2534 461 2589 non
493 2533 561 2602 quo
588 2533 658 2578 esse
687 2507 868 2579 nonnullos
894 2509 1181 2596 existimaremus,

193 2631 252 2725 qui
280 2629 421 2726 lefled
449 2653 545 2722 posse
569 2653 607 2698 ae
632 2628 773 2724 debere,
803 2628 1027 2715 arbitrentur,
1052 2627 1109 2697 sed
1136 2651 1181 2697 ne

176 2773 297 2843 ,quam
327 2761 470 2847 partem·
485 2748 519 2817 in
550 2747 780 2845 distribuendo
804 2748 954 2817 omisisse
979 2747 1180 2817 videremur.

197 2870 230 2940 Si
255 2868 345 2971 enim
370 2867 491 2937 rationi
520 2867 692 2962 cognitum
716 2867 798 2962 quid
819 2893 857 2938 ac
886 2892 1080 2963 persuasum
1107 2881 1184 2960 est,

195 2988 287 3092 nulla
324 2976 449 3063 exstare
486 3012 583 3058 causa
615 3002 747 3082 potest,
778 3012 838 3057 eur
871 2985 945 3057 loco
978 3001 1171 3078 moveatur,

197 3125 253 3190 aut
283 3110 375 3205 hune
395 3106 506 3185 locum
533 3122 672 3203 occupet
701 3132 837 3195 sensus,
862 3108 979 3203 quiin
1005 3105 1175 3194 obscuris,

198 3245 237 3298 ut
263 3226 317 3297 illa
343 3229 378 3297 in
406 3228 608 3324 perspicuis,
635 3226 829 3297 notionibus
853 3242 1011 3297 versatur.

191 3347 332 3432 ,jttlud
361 3348 464 3444 igitur
498 3348 575 3419 satis
608 3370 677 3417 esse
712 3345 913 3417 declaratum
946 3348 1111 3432 arbitror,
1149 3345 1178 3422 ti

193 3477 282 3565 Deus
311 3486 410 3567 atque
437 3494 491 3540 res
523 3467 643 3538 divinae
659 3492 730 3564 per
753 3493 792 3536 se
815 3483 1023 3562 spectentur,
1050 3469 1085 3536 in
1114 3467 1178 3535 bae

194 3592 375 3690 qrraestione
400 3588 514 3663 nullas,
525 3613 595 3658 esse
614 3587 729 3658 sensus
754 3602 885 3682 partes,
907 3612 1040 3658 ornnem
1063 3601 1175 3654 autem

192 3728 339 3781 nostram
372 3737 494 3783 rerum.
520 3707 780 3802 intelligibilium
821 3710 1014 3785 scientiam,
1050 3705 1078 3773 si
1110 3729 1197 3801 qua,

76 3846 79 3851 '
191 3833 255 3920 sit,
281 3847 339 3902 aut
362 3832 498 3901 rationis
527 3831 680 3900 humanae
710 3845 768 3899 aut
797 3834 969 3901 Sacrorum
992 3825 1187 3897 literarum.

1253 2952 1257 2985 Ι
