2678 4584
210 221 331 371 ηδ]
467 251 929 346 nrsrnrnrro

251 471 322 538 lam
350 463 391 536 de
418 467 509 560 poesi
531 490 569 535 ac
592 465 633 537 de
656 466 813 562 religione
836 467 900 539 illae
923 472 1089 542 sentcntiae
1112 472 1180 544 dici

204 604 240 661 et
262 561 430 658 enunciari
453 602 645 680 coeperunt,
669 587 717 656 ad.
734 613 815 684 quas
838 589 970 660 difficile
986 607 1057 660 erat
1073 594 1179 664 risum

201 723 314 779 tenere
340 706 405 802 (t).
455 711 522 777 Nos
546 720 656 776 autem
680 693 720 777 de
746 707 816 778 una
834 707 991 804 religione
1018 711 1175 784 dicamus.
1247 758 1253 777 .

203 827 291 899 Fieri
314 825 408 896 aliter
428 851 497 896 non
520 840 670 920 poterat,
694 827 776 921 quin
800 826 857 914 iis,
881 829 1002 922 quihus
1020 830 1089 900 lraec
1103 856 1179 926 pro·

202 946 337 1017 haretur
371 945 550 1037 sententia,
583 944 774 1039 religionem
809 971 878 1016 esse
912 949 1045 1041 poesin,
1081 966 1200 1045 mag:

202 1091 328 1162 nopere
358 1065 542 1162 displiceret
577 1067 686 1135 cultus
709 1054 868 1161 publicem
905 1072 1178 1142 Prolestantricm.

96 1211 98 1215 ·
142 1219 148 1224 ν
199 1186 321 1258 Adhuc
361 1185 494 1282 quidem
542 1189 693 1255 Oratores
740 1185 827 1255 Sacri
868 1185 901 1253 id
937 1202 1100 1280 egerant,
1139 1203 1178 1260 ut

198 1304 247 1393 ii,
281 1304 385 1400 apud>
404 1330 490 1399 quos
524 1303 691 1392 dicerent,
729 1320 787 1377 aut
817 1303 1083 1399 intelligentiores
1119 1322 1178 1379 aut

186 1423 437 1495 emendatiores
486 1425 613 1493 fierent.
672 1428 770 1493 Nunc
809 1439 947 1512 autem,
988 1441 1026 1495 ut
1068 1431 1176 1498 omnis

198 1542 334 1638 religio,
378 1542 425 1612 sio
465 1540 564 1613 etiam
604 1541 773 1613 Orationes
815 1549 919 1613 Sacrae
959 1545 1001 1614 ad
1037 1548 1204 1641 phanta-¹

195 1663 279 1736 siam
307 1677 341 1733 et
371 1661 413 1730 ad
445 1685 578 1732 sensum
608 1662 721 1732 referri
755 1661 924 1735 debebant.
989 1670 1091 1734 Erant
1109 1667 1175 1760 igi-
1195 1657 1209 1679 *

199 1797 274 1869 tur,
305 1781 363 1876 qui
393 1795 572 1874 negarent,
604 1781 644 1849 ab
675 1805 788 1849 earum
814 1782 1013 1852 orationum
1038 1784 1175 1856 oonsilio

197 1900 377 1994 quicquam
411 1900 515 1994 magis
549 1897 692 1969 alienum
725 1924 794 1969 esse
831 1925 947 1995 posse,
983 1926 1082 1996 quarn
1116 1920 1175 1973 aut

199 2019 405 2117 Cognitionis
428 2017 733 2114 amplificationem,
758 2032 816 2087 aut
839 2019 950 2088 Animi
974 2045 1173 2118 morumque
1196 2117 1199 2123 Ι

142 2459 149 2477 ι
232 2430 285 2504 (t)
302 2425 343 2486 Ut
360 2428 394 2482 de
411 2429 485 2498 poesi
506 2446 584 2483 mum
598 2431 718 2501 joculare
730 2430 877 2500 exemplum
890 2447 1067 2498 apponamus,
1083 2435 1173 2483 Brou-

195 2542 243 2580 σιν
266 2526 297 2578 in
320 2523 400 2578 Ast’a
416 2525 550 2579 Zeitachr.
561 2526 616 2598 fiir
634 2526 799 2580 Wseemclr.
817 2527 875 2579 und
889 2527 1001 2588 Kunct,
1021 2524 1037 2575 5
1054 2524 1137 2589 Heli,
1157 2543 1172 2575 α

196 2619 270 2674 Abh.
289 2636 363 2669 suam
380 2617 414 2669 de
430 2620 601 2671 Romantr'ca
618 2619 695 2669 Poeni
712 2619 891 2682 seutentiam,
910 2636 942 2668 ex
962 2619 1173 2688 Schellingihtm

135 2764 137 2771 Α
195 2709 324 2764 doctrina
348 2707 488 2775 haustam,
514 2711 551 2762 ita
570 2710 702 2776 explicat:
723 2725 739 2757 n
757 2708 810 2760 Die
826 2707 973 2761 Romantik
990 2710 1027 2762 ist
1042 2708 1171 2761 Weltan-

195 2819 214 2856 ι
232 2801 369 2872 schanmrg
387 2801 475 2855 durch
492 2805 536 2854 ein
555 2801 675 2866 Priame,
696 2818 734 2854 wo
752 2801 797 2854 die
810 2798 909 2853 nackte
923 2799 1095 2853 Endlichlreit
1112 2786 1188 2853 um?

196 2913 215 2950 ι
231 2915 318 2969 ,ιοςειι
343 2914 398 2953 von
420 2895 577 2950 herrlichen
601 2894 778 2947 Irish'alndern
801 2894 952 2961 erscheint,
970 2895 1032 2947 aber
1051 2895 1123 2947 noch
1141 2899 1172 2950 in

195 3008 215 3045 ι
233 2991 309 3046 ihrer
334 2989 485 3055 iirmlichcn
509 2986 771 3056 Kiimmerlichheit,
789 2990 833 3042 die
850 2989 937 3042 durch
953 2988 1005 3042 den
1024 2986 1172 3058 Gegensatz

178 3101 215 3140 ἰ
233 3088 282 3139 der
308 3084 516 3138 Farbenschdne
543 3101 595 3136 nur
621 3081 698 3135 mehr
724 3082 919 3139 hernorsticht.
963 3083 1042 3136 Noch
1070 3085 1105 3136 ist
1122 3084 1172 3136 der

195 3192 214 3229 ι
231 3177 293 3230 Tod
310 3179 342 3230 in
358 3176 425 3246 ihr,
451 3177 506 3230 nnd
524 3176 572 3229 dns
588 3173 672 3229 Licht
700 3175 747 3228 des
769 3175 876 3229 Lehens
902 3176 975 3229 kann
992 3176 1071 3230 nicht
1088 3179 1117 3231 in
1135 3179 1172 3232 sie

197 3285 215 3324 υ
235 3273 347 3339 dringen
365 3272 420 3325 und
438 3273 477 3326 sie
495 3271 639 3341 organiech
658 3271 777 3324 heseelen
795 3272 850 3322 und
866 3271 1046 3342 heseeligen·”
1083 3273 1174 3325 Festi·

108 3379 113 3390 “
197 3383 231 3422 ve
256 3365 399 3436 Krugius,
425 3369 469 3417 De
489 3376 565 3438 poet.
588 3365 690 3438 philos.
712 3375 768 3418 rat.
788 3383 821 3436 p.
841 3365 1007 3433 thymonet,
1028 3365 1172 3418 Auctorem

196 3461 293 3516 molins
317 3458 388 3509 hane
414 3467 497 3512 artem
514 3460 686 3514 definiturum
701 3461 801 3524 fuisse,
820 3461 844 3511 si
861 3460 899 3512 ita
917 3461 1046 3514 dixisset:
1084 3477 1099 3507 n
1117 3458 1172 3510 Dio

197 3571 215 3607 r
233 3549 379 3607 hamentik
396 3552 431 3605 iet
448 3549 697 3625 Woltenschauung
713 3554 800 3607 durch
812 3554 872 3607 eine
883 3555 984 3619 Brille,
997 3553 1096 3606 minen
1106 3552 1173 3601 wel-

196 3663 214 3702 θ
231 3646 297 3699 cher
314 3646 359 3701 die
373 3663 486 3715 grosse,
504 3644 643 3699 herrliche
654 3647 781 3727 ‚xschdne
798 3648 853 3698 und
873 3647 1010 3714 lebendige
1028 3644 1114 3697 Natus·
1131 3644 1171 3696 als

198 3756 215 3791 a
234 3740 278 3791 ein
301 3737 424 3806 hleines,
450 3737 664 3810 erbtrrnlr'ches‚
685 3750 833 3800 verrentes
850 3739 906 3796 und
933 3738 1019 3794 todtea
1043 3732 1170 3795 ltildclren
1223 3801 1231 3822 ,

199 3850 217 3890 a
230 3830 404 3890 aracheintss’
