2678 4584
183 262 252 337 ma
436 221 896 347 nrsrurar1o

195 521 202 530 .
229 460 298 527 Nos
321 471 431 526 autem
458 457 528 527 haec
552 482 621 527 non
647 459 692 529 ita
715 461 941 555 disputamus,
961 462 1054 557 quasi
1073 465 1152 562 quis

182 576 286 674 possit
311 576 437 645 ratione
461 600 602 671 negare,
635 602 733 648 sensu
758 580 908 668 credere,
940 607 1008 652 esse
1038 583 1150 674 illam,

180 697 222 767 de
247 719 312 790 qua
330 693 520 790 loquimur,
537 695 597 764 Dei
622 712 656 784 et
676 697 814 767 humani
837 701 964 794 generis
991 707 1164 791 conjuno.

178 815 326 902 tionem3
363 828 420 882 aut
454 814 546 908 quasi
577 813 649 884 fieri
683 819 809 911 possit,
843 833 903 906 ut,
937 823 1028 915 quod
1062 814 1155 913 ratio.

175 934 321 1029 rejiciat,
352 933 387 1002 id
416 933 529 1003 seusris
562 935 753 1006 auctoritate
780 938 980 1032 prohemus,
1005 944 1061 1013 sed
1082 945 1149 1014 hoe

177 1052 352 1138 volumus,
379 1052 443 1122 nisi
465 1051 550 1123 ratio
569 1053 711 1142 efficiat,
735 1055 826 1149 quod
853 1057 979 1128 efficere
1006 1064 1146 1154 nequit,

177 1172 369 1267 religionem
398 1195 545 1267 pugnare
584 1196 660 1242 cum
695 1174 823 1259 aeternis
862 1177 1024 1270 cogitandi
1050 1178 1156 1273 legi.

177 1293 263 1380 bus,
293 1315 364 1360 eam
397 1315 579 1386 numquam
613 1291 676 1360 boc
707 1292 769 1361 sibi
800 1317 929 1364 sumere
960 1312 1018 1365 aut
1051 1323 1149 1392 posse

177 1426 236 1482 aut
272 1411 411 1497 debere,
453 1425 492 1478 ut
529 1408 720 1506 religionem
752 1425 919 1507 tamquam
954 1416 1150 1492 commenti.-

176 1531 265 1601 cium
296 1529 377 1625 quid
405 1553 447 1617 ae,
475 1530 688 1623 nugatorium
720 1530 852 1624 rejiciat.
900 1531 1044 1623 Ulterius
1067 1561 1147 1630 pro·

174 1649 267 1748 gredi
292 1649 375 1718 ratio
405 1648 540 1742 nequit,
574 1673 673 1743 quam
708 1663 747 1717 ut
777 1665 874 1743 neget
901 1675 936 1721 se
968 1653 1070 1743 scire,
1101 1655 1148 1725 sit

173 1768 230 1839 illa
256 1769 316 1839 Dei
346 1783 380 1836 et
412 1766 549 1856 humani
576 1767 704 1861 generis
738 1768 964 1859 necessitudo,
989 1796 1050 1855 neo
1077 1773 1148 1849 nei',

173 1893 288 1984 Itaque
314 1912 354 1957 eo
386 1885 512 1977 valebat
538 1886 646 1955 omnis
675 1900 788 1975 nostra
815 1886 1011 1982 disputatio,
1035 1905 1074 1959 ut
1100 1892 1149 1969 inf

48 2084 70 2103 f
173 2004 396 2102 alligaretur,
427 2012 462 2074 si
486 2010 575 2075 ratio
606 2004 753 2093 dubitet,
788 2029 851 2076 nac
879 2023 968 2076 ceno
1001 2009 1146 2101 doceat,

172 2143 243 2227 tum
268 2123 388 2204 renuis
416 2129 617 2193 auctoritate
642 2124 844 2215 credendum
874 2150 969 2214 esse,
1001 2151 1065 2197 nos
1087 2155 1145 2199 m.

172 2246 308 2341 &granis
336 2245 472 2312 vinculo
504 2267 579 2312 cum
610 2247 682 2310 Deo
708 2266 782 2311 esse
809 2245 1030 2341 eonJunetos:
1057 2249 1143 2338 hano

149 2367 263 2437 'euim
289 2361 485 2435 seutentiam
519 2361 582 2430 niti
610 2384 708 2431 sensu
735 2361 909 2458 religioso,
936 2365 971 2434 in
991 2368 1065 2462 ,ipsa
1088 2394 1143 2439 na.

158 2501 249 2567 tura
278 2485 423 2553 humana
447 2481 603 2568 fundato,
628 2481 1044 2573 cujusmodi,firmamento
1064 2512 1145 2579 conf

171 2602 273 2678 traria
313 2601 473 2673 sententia
498 2614 627 2691 'careat
663 2604 807 2695 neque
848 2602 1015 2695 videmus,
1052 2607 1145 2700 quod

171 2739 287 2797 contra
315 2720 379 2790 dici
407 2733 525 2815 queat,
554 2719 618 2788 nisi
644 2719 778 2789 fortasse
803 2719 876 2814 quis
900 2735 1014 2815 putet,
1043 2724 1144 2813 dubi.

172 2845 330 2916 tationem
367 2853 425 2909 aut
452 2836 669 2933 ignorantiam
697 2851 842 2919 nostram
874 2853 1004 2910 tantum
1036 2840 1144 2939 valere

171 2989 267 3063 posse
289 2959 488 3045 redebere,
517 2972 556 3025 ut
583 2982 658 3041 res,
683 2969 756 3051 qun
781 2955 950 3039 dubitetur
971 2974 1029 3029 aut
1043 2961 1144 3054 ¹ignof

173 3098 286 3170 retur,
311 3079 469 3151 continuo
495 3076 641 3181 neganda
670 3075 722 3144 sit.
772 3080 853 3162 Quae
876 3076 1010 3171 quidem
1043 3093 1144 3151 teme·

175 3204 255 3273 ritas
289 3200 317 3270 si
345 3196 397 3269 vel
436 3199 471 3266 in
512 3197 610 3267 rebus
652 3192 848 3289 quotidianis
893 3195 1045 3291 fugienda
1075 3214 1143 3289 est,
1250 3222 1258 3235 ’

174 3335 299 3420 quanto
324 3318 427 3412 magis
459 3316 493 3385 in
519 3317 617 3386 rebus
645 3313 785 3402 divinis,
809 3339 949 3410 quarum
981 3319 1144 3410 magnitpu.

175 3443 219 3515 do
247 3441 282 3510 in
311 3437 432 3533 ingenii
451 3435 555 3506 nostri
577 3431 831 3504 mediocritatem
861 3459 931 3505 uon
954 3435 1045 3519 cadat
1075 3438 1142 3536 ().

211 3738 260 3808 (ll
281 3739 317 3788 D.
334 3734 467 3796 donisel,
485 3730 581 3783 Kritit
596 3732 645 3783 des
667 3732 888 3802 dogmatncten,
906 3734 989 3787 ideal.
1014 3733 1073 3789 und
1086 3732 1141 3803 ky-

173 3829 309 3907 parideal.
326 3826 465 3898 Religions
480 3825 537 3877 und
551 3823 779 3894 Metel-Syrtama
792 3843 822 3897 p.
842 3843 875 3897 72
892 3843 933 3898 sq.
