2678 4584
173 289 276 376 sm
374 333 378 340 ·
462 290 931 366 btsrttt'zat'to

252 481 316 554 Sed
337 507 399 555 nos
418 487 553 579 quidem
576 511 645 558 non
669 485 736 558 alio
754 484 893 558 consilio
916 486 988 556 baec
1009 482 1107 581 paulo
1129 511 1187 559 co·
1217 462 1219 468 Ι

176 620 178 627 ·
202 600 332 698 pierius
357 607 600 694 enarravimus,
622 607 687 677 nisi
712 620 751 677 ut
772 608 911 678 curiosis
935 607 1186 694 inserviicmus,

203 723 280 815 qui‘-
303 723 386 793 scire
421 743 605 821 cuperent,
637 725 743 823 qualis
769 727 902 797 tandem
932 753 952 795 a
985 725 1187 821 Sckellt'ngro

173 835 346 912 ³libertas'
370 842 637 941 relinqueretur,
673 846 800 917 sublata
834 843 984 916 libertate
1008 870 1187 943 persona-

174 954 303 1055 itrum,
335 962 357 1032 i.
393 989 421 1034 e.
450 968 640 1062 personali.
702 967 847 1036 Perverti
879 966 913 1036 iu
943 966 1005 1035 bac
1039 965 1189 1035 doctrina

172 1114 178 1124 ·
205 1103 422 1154 communem
463 1084 622 1156 libertatis
661 1087 861 1172 notionem,
901 1085 1042 1178 quisque
1076 1083 1188 1152 uidet:

204 1224 315 1296 neque
337 1203 475 1289 virtuti,
502 1230 576 1301 quaa
599 1206 733 1302 quidem
766 1206 944 1277 homiuum
968 1202 1119 1274 sermone
1142 1203 1190 1272 ita

203 1320 362 1417 appellari
392 1324 516 1413 soleat,
547 1325 699 1422 aliquem·
724 1324 836 1397 locum
867 1322 1030 1419 relinqui,¹
1065 1348 1188 1418 quam-

150 1522 155 1534 ,
205 1464 307 1535 quam
332 1469 373 1513 cx
398 1445 459 1530 iis,
484 1447 647 1541 quaejam
671 1445 836 1532 diximus,
873 1449 950 1516 satis
973 1444 1187 1541 perspicuum

176 1575 276 1648 icet,
301 1577 423 1634 tamen:
436 1591 515 1636 mox
538 1568 636 1636 etiam
660 1570 764 1660 magis
787 1543 1016 1638 declarabitur.

189 1724 193 1731 ·
255 1682 384 1755 Scilicet
417 1711 458 1755 ex
491 1687 550 1775 iis,
587 1712 661 1783 quae
689 1683 852 1782 etpaulo
884 1701 981 1774 aute,
1013 1700 1047 1755 et
1076 1681 1190 1778 eapite

207 1804 372 1896 superiori
402 1804 664 1900 disputavimus,
695 1808 772 1877 satis
804 1805 943 1901 intelligi
966 1807 1189 1888 arbitramur,

204 1943 282 1991 uere
313 1948 332 1991 a
361 1925 460 1995 uobis
493 1925 620 1996 dictum
663 1951 763 2014 esse,
802 1925 1037 2018 Schellr'ugz‘um
1075 1922 1192 1993 tollere

206 2043 379 2136 propriam
412 2046 507 2115 uobis
541 2070 579 2116 ac
614 2045 813 2140 peculiarem
852 2042 1066 2127 libertatem,
1101 2041 1123 2108 i.
1159 2067 1190 2111 e.

205 2184 302 2248 eam,
327 2188 427 2257 quam
461 2165 579 2251 nobis,
610 2179 780 2259 tamquam
808 2166 969 2260 personis
999 2187 1037 2232 ac
1058 2168 1193 2232 natuu's

204 2280 410 2370 iadr'vt'dm's,
447 2283 594 2354 tribuere
630 2281 803 2356 soleamus.
863 2283 898 2354 si
932 2282 1024 2352 enim
1056 2294 1200 2382 catenus

204 2411 338 2471 tantum
362 2375 444 2474 uere
466 2429 603 2493 sumus,
628 2419 792 2501 quatenus
816 2405 853 2475 iu
875 2400 1037 2474 Absoluta
1048 2425 1189 2486 sumus,

203 2536 367 2614 quatenus
400 2539 512 2595 autem
547 2526 589 2595 ab
620 2550 661 2595 eo
690 2525 890 2613 defecimus,
926 2524 947 2593 i.
973 2548 1001 2592 c.
1029 2535 1191 2616 quatenus

182 2691 188 2701 -
197 2664 364 2738 personae
400 2668 537 2728 sumus,
568 2669 681 2714 revera
715 2645 812 2716 Nilu'l
843 2666 982 2726 sumus,
1018 2639 1192 2733 sequitur,

212 2869 1183 2903 Μ

186 3064 190 3073 .
207 3040 229 3078 ι
243 3035 355 3094 stuttat,
380 3028 440 3082 sich
457 3027 537 3080 uicbt
556 3027 659 3096 positiv
678 3027 944 3096 νοι·κ111ἰοιῐ,,1ἰομ
962 3027 1092 3079 ebrulallr
1105 3022 1192 3079 sebon

185 3138 224 3176 .»
241 3122 270 3174 iu
295 3125 371 3191 jener
398 3120 601 3194 anlinglicheu
621 3121 785 3192 Haudluug,
813 3119 902 3174 durch
926 3119 1025 3175 welche
1049 3139 1081 3173 er
1103 3120 1192 3173 dieser

206 3230 225 3265 ι
243 3215 299 3267 und
325 3213 390 3268 lein
417 3216 516 3270 undrer
542 3217 578 3270 ist
603 3245 639 3257 -
666 3214 703 3269 Er
732 3217 767 3268 ist
792 3215 830 3266 im
858 3195 1013 3284 atreugsteu.
1039 3213 1192 3266 Verstandc

206 3306 336 3375 ruabr,
364 3309 448 3374 dasz,
478 3311 531 3362 wic
555 3310 604 3362 der
630 3298 746 3362 Meuscb
774 3307 928 3382 iibrrbuupt
954 3307 1108 3360 beseballcu
1133 3308 1191 3371 ist,
1231 3378 1234 3384 Ι

131 3412 136 3423 “
205 3417 225 3455 ³
244 3401 323 3456 nicht
340 3421 370 3454 er
388 3405 488 3467 solbat,
516 3403 635 3456 soudern
661 3402 711 3455 der
737 3411 798 3472 gata
824 3403 890 3455 oder
908 3402 972 3455 bitae
990 3401 1070 3454 Geiat
1087 3401 1118 3452 in
1135 3399 1192 3450 ibm

206 3515 224 3550 a
242 3499 372 3566 baudelt3
395 3499 450 3551 und
475 3497 600 3551 dennocb
625 3497 686 3551 thut
711 3497 769 3550 dies
787 3498 836 3550 der
854 3496 985 3567 Freybeit
1002 3495 1103 3549 keinen
1121 3493 1193 3545 Eiu-

208 3611 226 3643 »
244 3605 313 3664 trag.
349 3592 496 3647 Daneben
523 3595 569 3645 das
587 3590 948 3646 iu·sich·haudeln-Laasen
964 3592 1011 3643 des
1029 3598 1107 3658 guten
1126 3587 1193 3638 oder

207 3703 224 3737 ³
242 3687 324 3740 bosen
352 3689 478 3755 Principe
504 3688 540 3740 iat
565 3688 609 3740 die
636 3688 719 3758 Fulge
742 3689 790 3740 der
815 3686 998 3755 intelligibcln
1023 3681 1115 3746 'rhat‚
1136 3698 1194 3732 wo-

208 3798 227 3834 »
244 3781 332 3834 durch
350 3800 418 3851 seyu
435 3781 539 3834 Weseu
556 3780 611 3833 und
628 3782 723 3835 Lebeu
739 3781 879 3837 bestimmt
895 3780 963 3834 istst
984 3774 1063 3830 Cous.
1082 3779 1196 3832 xmus·

181 3914 190 3921 --
204 3878 241 3937 a'u
257 3876 412 3949 saaingas.
430 3877 545 3932 Archiv.
563 3876 583 3928 1.
603 3895 627 3930 a.
642 3896 673 3949 p.
693 3894 753 3949 πῃ.
773 3893 816 3951 ⁸51·
