2678 4584
187 274 238 351 ’56
447 268 909 347 Dtsrurarto

240 467 340 560 Quod
369 465 398 539 si
430 465 494 539 illis
524 468 671 540 motibus
699 468 764 539 hoc
793 493 900 539 unum
924 464 1039 537 diisset
1062 466 1193 570 elien·-¹

94 661 97 669 ,
132 683 139 692 ·
187 604 284 678 tum,
320 604 359 659 ut
392 565 614 685 Mystieislnus
647 589 912 684 opprimeretur,
945 587 1168 677 haberemus,

189 709 282 806 quod
317 708 413 778 nobis
446 707 697 803 gratularemur.
748 707 828 795 Sed,
855 691 907 777 'rel
939 732 993 777 me
1016 722 1168 796 tacente,

188 831 330 924 quisque
363 825 544 923 intelligit,
578 828 666 898 idem
700 824 784 897 illud
818 827 953 897 rationis
987 827 1166 922 imperium

73 965 76 975 ·
185 947 412 1045 pemicicsum
436 948 535 1052 etiam
557 946 657 1017 luisse
680 946 907 1042 rclrgmsr‘taci,
930 947 998 1017 sive
1012 946 1166 1038 religioni

174 1065 402 1159 >subjectivae
452 1073 529 1173 Ilaec
552 1068 641 1136 enim
666 1091 736 1136 non
759 1065 888 1154 minus,
919 1091 1019 1161 quam
1044 1066 1166 1161 Mysti-

186 1185 328 1274 cismus,
353 1185 389 1254 in
412 1182 525 1256 animo
547 1200 647 1280 atque
671 1185 705 1254 in
728 1209 848 1273 sensu,
872 1186 982 1255 sedem
1007 1172 1100 1268 suam
1126 1209 1172 1263 aa,

186 1303 394 1389 domicilium
424 1305 553 1399 posuit,
585 1319 684 1400 atque
713 1329 786 1374 eam
817 1306 921 1401 ipsam
955 1306 999 1374 ob
1033 1329 1167 1376 causam

183 1425 356 1520 religionis
390 1423 432 1494 ad
463 1449 564 1494 unam
599 1424 761 1495 rationem
794 1425 982 1512 traductio,
1013 1424 1166 1514 ejusdem

184 1559 237 1618 est
259 1545 301 1615 ab
325 1543 437 1614 auimo
460 1543 620 1616 avocatio
789 1541 791 1545 ’

199 1740 204 1749 ,
233 1671 349 1760 Itaque
374 1688 442 1739 una
459 1662 639 1759 eademque
664 1680 813 1736 causaet
826 1671 974 1760 positivo
997 1661 1167 1757 religionis

64 1770 68 1777 ’
186 1797 385 1880 argumento
404 1798 437 1852 ct
468 1783 688 1874 religiositati
701 1784 872 1857 interitum
897 1781 1017 1853 attulit.
1066 1781 1168 1853 Plura

116 1921 121 1927 '
185 1918 341 2000 poterant
367 1900 521 1996 adjungi,
539 1901 597 1971 sed
615 1926 681 2003 nop
700 1918 750 1972 est
769 1927 898 1972 necesse
922 1903 993 1998 (w).
1049 1907 1168 1998 Neque

184 2023 275 2099 enim
294 2020 418 2092 tam-id
436 2021 583 2115 agimus,
600 2035 637 2091 ut
657 2022 828 2093 historiam
845 2022 1044 2108 scribamus,
1062 2046 1164 2117 quam

183 2142 298 2238 potius
312 2155 350 2210 ut
363 2137 581 2233 intelligatur,
596 2140 673 2229 iste,
687 2141 729 2211 de
744 2167 812 2237 quo
824 2140 926 2212 locuti
943 2167 1077 2227 sumus,
1089 2139 1166 2211 reli·

184 2261 294 2357 gionis
310 2274 414 2331 status
429 2259 599 2354 quomodo
616 2276 649 2330 et
669 2262 815 2356 potuerit
833 2277 868 2333 et
885 2263 1035 2333 debuerit
1050 2263 1167 2357 parere
1217 2256 1218 2261 ἵ

183 2379 386 2483 sivpjpsum
407 2380 668 2476 Mysticismum,
696 2381 764 2452 sive
789 2381 951 2476 quandam
971 2382 1165 2477 Mysticismi

182 2500 466 2597 preparationem.
495 2505 627 2596 Itaque,
639 2499 730 2595 quod
744 2500 778 2568 in
791 2500 881 2570 hunc
892 2515 1015 2571 statum
1025 2501 1165 2571 deducta

183 2634 236 2701 cst
256 2619 390 2715 religio,
414 2621 485 2708 ejus
507 2619 555 2688 rei
579 2645 650 2689 eam
671 2619 883 2714 potissimum
903 2646 1032 2690 causam
1056 2620 1166 2715 expli-

183 2737 337 2828 cuimus,
361 2740 459 2829 cujus
487 2736 701 2832 intelligentia
728 2763 805 2808 cum
830 2739 1017 2834 scriptionis
1041 2755 1166 2810 nostra

181 2873 381 2954 argumento
405 2857 547 2928 maxime
566 2857 743 2954 conjuncta
768 2859 944 2930 videretur.
1245 2849 1249 2856 ’

194 2978 363 3062 ,ίΕῐειιίιη
378 3003 476 3050 nova
502 2978 564 3049 ista
588 2996 758 3049 sacrorum
783 2979 930 3048 conditio
960 3002 1162 3073 quamquam

182 3095 302 3168 multis
326 3091 489 3193 placebat,
507 3095 587 3167 alios
609 3111 718 3168 tamen
742 3097 1025 3185 vehementissime
1049 3097 1161 3168 offen-

159 3222 162 3227 ’
182 3214 291 3285 debat.
340 3221 454 3311 Neque
474 3241 552 3286 vero
571 3217 641 3286 fieri
657 3212 752 3285 aliter
768 3231 906 3311 poterat.
955 3224 1039 3286 Cum
1051 3217 1159 3307 enim,

182 3332 248 3405 nisi
265 3333 445 3405 admodum
464 3333 549 3417 leves
568 3336 689 3425 simus,
708 3334 792 3408 nibil
818 3333 981 3406 soleamus
1001 3335 1163 3432 religione

209 3748 270 3818 ,(Ψ)
288 3746 375 3803 Confi,
400 3748 515 3820 Allgem.
540 3748 662 3802 &urscia
687 3747 821 3802 Biblioth.
848 3752 928 3803 Tem.
955 3747 1035 3801 LIII.
1058 3764 1089 3817 ps
1114 3743 1158 3798 56.

183 3857 243 3931 tuq·
261 3841 370 3898 LXIII.
384 3861 418 3916 p·
431 3832 480 3916 74
495 3851 523 3897 ct
532 3842 635 3915 scripta
644 3845 725 3912 paulo
735 3852 796 3897 ants
807 3843 1006 3908 laudam,Not.
1020 3859 1036 3893 o
1048 3857 1098 3914 ,p
1112 3840 1173 3895 40..
