2678 4584
467 319 949 402 DIS'PUTATIO

224 509 324 595 mus(
363 521 405 590 Et
432 534 542 590 tamen
567 517 638 591 tolli
659 520 730 591 haec
754 519 872 616 placita
896 530 995 617 atque
1016 519 1206 616 pronihilo

222 641 336 738 putari
375 667 445 710 non
473 653 649 737 poterant,
681 641 744 710 nisi
772 641 866 737 prius
894 625 1118 712 everterentur
1148 642 1205 712 illa

221 760 434 855 ‘Dog'niatioes
450 761 571 854 capita,
589 784 629 829 ex
649 761 770 854 quibus
791 786 925 848 eorum,
943 787 1017 857 quae
1040 762 1203 850 diximus,

220 878 420 976 placitorum
430 880 648 974 positivorum
663 880 779 949 veritas
794 881 959 976 penderet.
995 882 1028 950 si
1039 882 1127 950 enim
1138 907 1205 951 an-

220 999 395 1095 tiquorum
417 998 664 1094 'theologorum
689 1001 848 1075 sententia
864 996 905 1069 de
924 1005 1093 1071 Sacrorum
1111 1002 1219 1070 Lite-⁴

219 1145 335 1190 rarum
346 1121 549 1196 Auctoritate
566 1120 692 1206 divina,
711 1120 752 1188 de
773 1112 1006 1215 Inspiratione,
1030 1121 1071 1190 de
1097 1127 1201 1192 Cano-

218 1265 263 1311 ne
274 1295 284 1328 ‚
297 1240 368 1309 haec
379 1240 480 1335 igitur
502 1241 662 1310 sententia
673 1241 700 1309 si
720 1254 807 1309 reete
818 1265 852 1310 se
871 1241 1020 1326 haberet,
1033 1239 1118 1308 nihil
1135 1266 1201 1310 ma·

209 1346 271 1456 'gis
298 1361 339 1430 ab
359 1346 397 1429 ea
418 1357 562 1431 alienum
584 1384 653 1429 esse
675 1338 823 1454 poterat,
844 1385 944 1454 quarn
965 1361 1052 1429 Sacri
1072 1359 1201 1449 Codicis

210 1460 455 1575 'argumentum
501 1476 638 1549 rationis
675 1481 829 1549 humanae
871 1462 995 1570 judicio
1041 1481 1201 1574 subjicere

181 1613 185 1629 ¹
217 1596 312 1670 velle.
363 1598 432 1670 Sed*
450 1597 493 1668 'de
522 1599 575 1668 his
601 1599 745 1694 antiquae
767 1600 976 1695 Dogmatices
1004 1598 1084 1669 loeis
1111 1624 1200 1708 qup-
1272 1585 1273 1588 ¹

217 1718 321 1789 modo
342 1733 375 1788 et
394 1743 495 1812 quam
517 1718 606 1789 varie
624 1719 830 1812 disputatum
851 1721 912 1808 sit,
931 1719 1071 1814 longum
1093 1721 1135 1789 sit
1152 1744 1202 1788 re·

218 1838 321 1924 serre,
339 1862 448 1930 neque
467 1838 509 1906 ad
529 1839 615 1906 hanc
632 1838 844 1931 scriptionem
870 1838 996 1908 attinet.
1046 1839 1127 1908 Satis
1149 1853 1201 1909 est

210 1955 502 2045 animadvertisse,
532 1952 749 2027 Revelationis
772 1957 890 2026 divinae
916 1981 986 2034 earn
1006 1982 1074 2032 esse
1091 1958 1199 2028 intor-

218 2090 342 2156 matam
363 2076 551 2165 notionem,
571 2102 645 2172 quae
670 2077 710 2145 ad
729 2072 840 2157 illum,
860 2076 987 2171 dequo
1005 2075 1198 2172 loquimur,

210 2192 509 2268 ‚Rationalismumz
544 2196 593 2268 sio
620 2197 709 2295 enirn
739 2193 920 2291 appellant:
953 2199 1083 2292 egregie
1114 2211 1200 2268 esset

218 2330 295 2412 apta
315 2315 380 2414 (ν)

190 2453 193 2456 ’
267 2448 345 2513 Ilaec
363 2457 473 2512 autem
496 2441 673 2530 sententia,
694 2440 780 2513 nihil
793 2467 863 2513 esse
883 2442 916 2513 in
937 2441 1104 2538 religionis
1123 2443 1199 2515 (loe-

256 2692 294 2760 (ν)
316 2694 349 2743 G.
370 2691 397 2740 0.
417 2670 727 2754 MillersProtestant.
747 2691 804 2742 und
820 2692 912 2762 Relig.
927 2709 958 2760 p.
979 2708 1028 2760 119
1045 2708 1106 2757 sqq·
1126 2691 1198 2740 Pau-

216 2784 253 2847 to,
275 2792 338 2853 post
361 2784 520 2850 apparebit,
541 2786 578 2836 ita
596 2800 701 2852 tempor
719 2773 866 2849 accidisse,
886 2793 933 2846 ut,
953 2801 1013 2835 curn
1029 2782 1200 2848 Rationalis-

218 2897 278 2935 mus
293 2878 376 2930 nimis
394 2896 421 2930 se
438 2878 549 2931 efferret
567 2885 594 2931 et
611 2897 678 2930 unus
691 2878 874 2946 principatum
890 2876 1042 2940 obtineret,
1057 2874 1200 2943 Mysticis·

210 2958 277 3026 'mus
303 2978 475 3041 sequeretur,
504 2972 551 3039 qui
569 2959 647 3035 illurn
665 2972 698 3022 de
716 2968 830 3022 honoris
848 2970 930 3038 gradu
947 2969 1085 3037 dejiceret.
1122 2966 1200 3036 Qua<

218 3075 298 3120 tenus
333 3067 418 3135 igitur
449 3068 599 3118 Kantiana
630 3056 803 3133 philosophia
828 3062 1048 3114 Rationalisrnum
1074 3061 1200 3128 adjuvit,

209 3171 327 3214 eatenus
343 3161 543 3230 Mysticismum
561 3160 685 3228 adjuvit,
705 3146 783 3227 eique
801 3158 874 3209 viam
890 3156 1014 3208 munivit.
1052 3153 1105 3208 Sed
1124 3157 1201 3224 quis-

218 3273 272 3324 que
290 3255 440 3322 intelligit,
460 3254 514 3305 hoc
532 3255 714 3322 adjumentum
732 3270 788 3309 esse
805 3250 935 3321 remotius
952 3258 999 3319 el,
1018 3257 1047 3301 ut
1064 3251 1101 3301 ita
1119 3250 1200 3314 dixe-

118 3387 120 3392 ,
217 3349 289 3411 rim,
322 3350 492 3417 negativum.
530 3346 646 3399 Posthac
664 3344 905 3397 demonstrabimus
923 3361 981 3396 eam
997 3342 1200 3414 philosophiam

189 3452 206 3483 ‘-
217 3458 294 3512 posse
321 3441 402 3492 etiam
426 3441 456 3491 in
482 3441 647 3492 contrariam
669 3448 773 3506 partem
798 3418 940 3501 adhiberi,
960 3446 1100 3508 uiperae
1118 3438 1154 3501 (i.
1173 3455 1199 3487 e.

217 3543 248 3587 ut
271 3537 374 3603 ajunt,
399 3536 523 3605 positive
548 3543 574 3586 et
599 3534 726 3598 directe)
753 3533 844 3583 farere
866 3510 1038 3614 illysticismo
1066 3530 1196 3581 videatur.

217 3625 284 3696 Quae
304 3627 413 3696 quidem
431 3629 454 3679 si
473 3630 517 3679 cui
535 3627 712 3695 repugnantia
732 3643 786 3676 esse
804 3625 963 3688 videantur,
984 3626 1007 3675 is
1024 3623 1196 3688 meminerit,
1290 3667 1293 3672 .

182 3742 184 3751 ·
215 3721 301 3774 aimiti
324 3739 436 3789 prorsus
463 3724 568 3773 rationo
596 3739 651 3771 eam
670 3719 869 3789 philosophiam
888 3719 921 3769 ad
937 3717 1104 3784 Religionem
1121 3716 1198 3767 divi.

215 3815 290 3867 nitus
314 3816 475 3882 patefactam
501 3817 539 3866 ita
567 3813 717 3866 adhibitam
742 3814 850 3876 fuisse,
876 3821 906 3864 ut
931 3812 965 3862 de
989 3809 1038 3860 hac
1066 3810 1198 3878 religione

215 3922 327 3979 prorsus
354 3909 500 3974 contrariae
526 3909 683 3963 exstiterint
710 3905 907 3962 &suanorum
938 3903 1087 3958 sententia.
1130 3909 1198 3958 Cum
