2678 4584
211 288 277 364 ιφ
445 266 909 335 n1seusau1o

203 463 254 532 bis
285 473 442 547 utantur,
480 455 658 528 contrarias
688 483 773 553 saepe
811 457 963 528 notiones
998 457 1038 528 iis
1068 458 1178 550 subji-

201 583 296 651 ciunt
326 580 383 674 (s).
432 583 547 671 ltaque
578 577 606 646 si
639 579 713 671 quis
749 579 949 670 Schelliugcb
980 580 1176 673 persuadere

201 701 295 788 vult,
327 699 429 793 ipsius
460 696 643 767 doctrinam
667 680 818 792 religioni
843 724 880 768 ac
903 700 1018 770 virtuti
1042 700 1174 770 noxiam

201 839 292 906 esse,
318 819 387 912 ipsa
410 816 510 912 hujus
528 816 689 886 doctrinae
700 817 910 889 fundamenta
925 798 1069 889 evertere
1079 798 1182 890 debet

105 987 107 992 -
176 954 300 1034 atque
334 938 470 1024 docere,
506 934 698 1031 religionem
733 963 770 1007 ac
795 937 950 1007 virtutem
974 963 992 1007 a
1015 940 1174 1009 Schellin·

194 1059 256 1153 gio
287 1081 366 1128 voce
400 1056 501 1154 poni,
527 1081 569 1125 ne
599 1054 681 1126 tolli.
732 1044 830 1146 Quod
860 1083 937 1128 cum
971 1073 1004 1128 ct
1036 1059 1077 1127 ab
1100 1058 1174 1129 aliis

191 1176 261 1270 jam
297 1175 418 1244 factum
449 1174 512 1260 sit,
537 1189 570 1244 ct
594 1200 654 1271 per
678 1175 778 1270 hujus
802 1176 1030 1272 disputationis
1055 1179 1173 1247 termi-

194 1320 258 1364 nos
291 1294 364 1364 fieri
397 1308 554 1391 nequeat,
588 1292 672 1368 illud
706 1297 790 1365 mihi
824 1296 1021 1368 concedatur
1049 1295 1169 1384 velim,

156 1498 159 1505 Ι
195 1408 255 1501 ut,
291 1439 368 1484 cum
403 1415 444 1485 de
478 1413 659 1508 religione,
693 1413 843 1486 libertate
876 1431 936 1486 cet.
962 1414 1170 1512 loquendum

193 1535 279 1606 mihi
315 1535 376 1623 sit,
407 1535 447 1605 iis
476 1534 642 1606 vocabulis
670 1535 841 1623 communi
870 1549 905 1606 et
927 1537 1046 1607 usitato
1071 1561 1169 1607 seusu

93 1725 99 1734 ,
172 1669 277 1724 'ntae
328 1656 411 1744 Quis
441 1656 531 1725 enim
566 1680 636 1724 non
669 1654 842 1749 intelligit,
885 1681 985 1750 quam
1019 1657 1169 1750 ineptum

191 1773 249 1843 hic
272 1772 368 1844 nobis
383 1801 421 1844 ac
444 1772 621 1844 ridiculum
640 1788 805 1843 certamen
822 1788 907 1842 esset
920 1789 1099 1858 orturum,
1119 1775 1167 1863 si,

169 1908 231 1963 ·ut
254 1896 320 1964 hoc
343 1909 434 1980 utar,
459 1893 588 1962 efficere
605 1891 780 1979 vellemus,
800 1893 1034 1988 Schellz'agcum
1051 1892 1167 1965 tollere
1210 1988 1221 1999 ..
1283 1902 1287 1907 ’

169 2054 172 2059 -
189 2009 376 2083 libertatem
394 2014 516 2082 n'ostrae
534 2026 660 2080 naturae
682 2037 720 2081 ac
744 2014 966 2081 necessitatem
990 2014 1165 2100 inducere,

74 2205 78 2214 ,
186 2156 264 2203 cum
306 2132 399 2225 ipse,
437 2155 537 2223 quam
573 2154 634 2200 nos
670 2135 901 2199 necessitatem
935 2130 1164 2224 appellemus,

185 2274 259 2320 eam
294 2250 398 2344 ipsam
432 2249 618 2319 menatem
650 2246 791 2345 appellet
822 2247 910 2344 (t)?
934 2290 938 2303 ι
963 2255 1013 2319 Ne
1051 2267 1163 2324 autem

185 2371 287 2440 nimis
320 2384 408 2439 emet
436 2395 474 2440 ac
497 2385 630 2464 vagetur
653 2371 780 2454 oratio,
804 2394 939 2439 omnem
962 2369 1162 2464 disputatio-

183 2515 263 2561 nem
297 2490 535 2559 revocabimus
553 2490 594 2559 ad
622 2497 690 2559 ιηἰι
713 2488 802 2576 loca,
826 2488 948 2583 quibus
972 2492 1080 2561 omnis
1104 2517 1161 2561 re-

182 2606 262 2702 ligio
292 2634 330 2678 ac
363 2611 494 2678 virtutis
518 2608 665 2678 indoles:
690 2610 914 2679 moralitatem
937 2611 1160 2704 appellemus:

183 2730 257 2802 niti.
269 2727 381 2816 debet,
406 2753 545 2823 quaeque
568 2754 588 2797 a
610 2728 748 2799 Kame
766 2729 901 2799 rationis
917 2733 1067 2825 practicae
1075 2757 1159 2828 pos·

216 3223 266 3288 (a)
284 3220 364 3274 Cous.
392 3221 536 3276 natium
559 3223 669 3294 Magoa.
687 3223 746 3297 fir
766 3225 898 3296 Dogmat·
916 3225 976 3279 aad
989 3225 1103 3293 moral,
1122 3226 1155 3284 Ρ.

170 3311 248 3379 '2112
263 3334 295 3386 p·
315 3313 372 3368 136.

213 3452 274 3521 (ε)
286 3451 383 3506 Nullus
407 3453 583 3508 concertandi
608 3455 670 3509 fluia
685 3463 745 3520 est,
764 3459 788 3511 si
805 3458 895 3514 verbis
919 3459 1082 3515 arbitrariae
1097 3475 1153 3512 no·

172 3548 265 3606 tiones
281 3546 401 3601 tribum
417 3547 492 3603 licet.
529 3547 583 3600 Sed
600 3549 747 3603 cavendum
762 3559 820 3616 est,
838 3569 872 3605 ne
888 3553 962 3606 sonis
975 3553 1152 3621 decipiamur.

177 3637 234 3712 Qui
244 3642 313 3711 fato
331 3647 376 3693 aut
394 3658 460 3695 casu
478 3641 604 3694 mnndum
622 3652 710 3696 ortum
727 3661 783 3696 asse
801 3662 833 3702 ac
850 3648 907 3714 regi
925 3647 1076 3708 amstimat,
1091 3656 1150 3696 eum

178 3731 299 3789 Athenin
322 3730 500 3799 opponamus,
527 3733 577 3787 eui
605 3732 678 3801 hoc,
705 3738 779 3808 quod
804 3756 855 3792 uos
871 3742 970 3812 fatum
993 3744 1039 3792 aut
1055 3754 1150 3792 cacum

177 3826 315 3891 dicium
330 3824 359 3879 id
377 3828 464 3894 ipsam
481 3829 530 3885 ille
545 3833 636 3888 Deum
655 3849 710 3887 em
726 3832 883 3890 mundat.
