2678 4584
378 273 957 377 srsrrsrierssssso.
1087 287 1167 376 305,-

176 479 337 579 possint,¹
371 481 452 578 quid
488 473 635 553 tandem.
651 508 757 554 musae
787 507 860 555 esse
891 482 1060 569 dicamus,
1096 507 1159 554 our

176 602 297 688 multi,
327 617 518 699 expugnato
543 591 680 698 rationis
704 602 854 691 oastello,
879 618 989 674 tamen
1014 604 1157 691 urbem,

141 750 147 764 ·
176 722 214 794 id
246 737 296 793 est
324 748 360 792 se
385 723 495 817 ipsos,
520 723 673 794 hostibus
698 725 824 813 tradere
849 723 1023 795 recusent?
1045 723 1157 792 Nimi-

160 828 255 915 ⁵rum
287 842 408 913 resistit
442 868 566 914 sensus.
617 844 717 932 Quod
748 844 883 939 quidem
907 869 976 912 non
1002 844 1047 911 ita
1070 841 1157 911 dici·-

177 986 273 1051 mus,
292 961 398 1058 'quasi
429 963 501 1034 fieri
537 989 605 1033 non
630 964 755 1059 possit,
779 978 830 1034 -ut
853 965 953 1032 etiam
979 987 1057 1032 onus
1084 960 1159 1032 aliis

50 1171 55 1180 ι
178 1082 301 1171 causis,
333 1096 407 1152 turn
437 1083 656 1179 praejudicatas
686 1083 852 1183 opinionis
883 1083 1062 1177 pervicaci&
1084 1107 1157 1152 mo·

79 1211 88 1216 “
175 1217 327 1275 veantur.
375 1202 439 1273 Sed
472 1216 583 1274 tamen
607 1198 687 1273 sunt
714 1193 838 1289 niulti,
871 1227 979 1296 neque
1011 1192 1065 1270 me
1099 1227 1157 1271 eos

174 1346 274 1396 nosse
288 1303 289 1306 Ἴ
303 1321 467 1409 diffiteor,
499 1311 580 1418 qui,
612 1347 690 1392 curn
718 1337 952 1417 praeconceptae
985 1316 1157 1391 sententias

176 1441 408 1513 auctoritatem
449 1443 588 1513 minime
620 1455 757 1530 curent,
790 1441 981 1510 labefactata
1010 1441 1157 1528 ratione,

174 1563 293 1633 sensus
326 1561 516 1658 praesidium
550 1562 741 1633 adversariis
775 1577 956 1659 opponant.
1005 1558 1156 1630 Liberius

145 1662 147 1667 .
173 1678 305 1778 loquar.
355 1689 433 1771 Quo
455 1688 522 1768 Vos
546 1683 729 1753 accuratius
748 1706 880 1755 oausmu
897 1681 1065 1776 religionis
1082 1706 1158 1777 eog-

176 1802 335 1890 novistis,
374 1803 441 1872 Viri
467 1801 708 1890 Eruditissimi,
743 1827 812 1896 quo
836 1800 892 1871 illa
915 1827 1012 1872 seusa
1035 1802 1158 1871 oertior

173 1923 279 2007 ‘Vobis
308 1922 343 1992 et
371 1920 572 2018 exploratior
601 1931 668 2011 est‘,
703 1946 742 1992 eo
759 1923 930 1994 .lidentius
961 1928 1027 1992 Vos
1058 1937 1169 2016 atque·

178 2043 342 2138 meipso
376 2058 499 2141 testor,
545 2036 664 2138 =sapius
698 2042 795 2112 nobis
833 2067 896 2112 usu
930 2042 1080 2128 venisse,
1120 2056 1159 2111 ut

174 2188 311 2250 eorum,
342 2162 404 2258 qui,
434 2140 586 2255 religioni
610 2162 721 2260 infesti
744 2165 830 2250 siut,
854 2187 934 2233 voce
960 2163 1004 2231 ita
1024 2163 1159 2256 jactare·

116 2272 119 2279 ’
175 2304 273 2366 mur,
304 2294 343 2348 ut
378 2280 471 2348 haud
499 2304 598 2366 raro,
623 2280 687 2350 nisi
711 2305 827 2352 sensus
851 2295 1083 2371 sustentasset,
1108 2306 1159 2353 oa·

175 2422 256 2498 sura
279 2398 378 2468 luisse
401 2397 486 2467 ratio
510 2396 665 2469 videatur
684 2396 748 2496 (r).

174 2649 1159 2701 mm

212 2821 252 2890 (r)
276 2818 352 2891 ‹Quo
374 2839 423 2886 ea,
443 2822 728 2892 quanlisputavimus,
749 2844 909 2896 aperueras
929 2829 1168 2901 interpretatione·

177 2913 363 2980 vindicemus,
383 2931 518 2985 apponere
534 2917 615 2969 liceat
632 2921 713 2986 paulo
730 2921 881 2989 longiorem
900 2923 1122 2980 Aunotstiouem.

214 3005 285 3060 Cum
300 3025 350 3060 nos
368 3008 440 3078 subit
457 3008 591 3063 dubitatio
618 3011 651 3064 ds
676 3013 712 3065 iis
729 3013 826 3080 rebus,
853 3032 919 3083 quas
945 3013 1007 3071 anto
1032 3037 1109 3073 verse
1126 3036 1159 3074 se

178 3110 276 3167 certas¹
287 3119 343 3154 esse
360 3103 504 3168 rebamur,
534 3122 551 3157 a
567 3104 671 3159 duobus
689 3106 811 3159 loufibus
828 3109 875 3159 illa
895 3109 1028 3163 dubitatio
1046 3131 1164 3179 manare*
1191 3094 1192 3097 Ἴ

176 3199 276 3260 potest.
313 3194 368 3244 sut
392 3192 464 3244 onim
487 3209 543 3246 non
562 3195 629 3247 satis
653 3196 730 3248 firma
748 3213 805 3248 esse
823 3205 918 3249 nostra
936 3213 1092 3270 argumenta
1110 3204 1167 3275 in·-

173 3285 322 3354 telligimus
333 3294 407 3352 „aut
423 3304 496 3356 reque
514 3287 591 3340 firma
609 3291 653 3342 rel
671 3286 752 3342 etiain
769 3291 891 3344 firmiora
910 3308 965 3344 esse
983 3305 1164 3367 arguments,
1262 3354 1265 3359 ,

175 3379 273 3448 quibus
299 3381 439 3435 contraria
456 3383 587 3435 sententia
605 3383 715 3437 delendi
740 3392 829 3454 queat.
866 3381 982 3439 Multum
999 3388 1072 3440 iuter
1089 3390 1158 3458 luas
1255 3418 1260 3429 ·

173 3471 240 3527 istas
264 3473 407 3526 dubitandi
433 3493 523 3529 causm
549 3477 671 3545 interest.
707 3476 779 3533 Nam
805 3479 839 3531 de
865 3479 1007 3549 religionis
1024 3484 1164 3549 naturalis

172 3566 283 3639 placitis
307 3568 331 3619 si
355 3567 416 3637 quis
434 3581 585 3642 propterea
610 3571 736 3641 dubitat,
766 3573 840 3643 quod
866 3590 960 3626 eorum
986 3577 1157 3633 contrarium

172 3660 286 3726 probari
302 3663 389 3728 possit
406 3680 480 3732 aeque
499 3664 597 3718 validis
615 3667 777 3735 argumentis
795 3675 875 3736 atque
893 3669 941 3720 illa
958 3678 1039 3733 sunt,
1057 3671 1165 3738 quibus¹

174 3768 267 3804 sorum
298 3755 478 3822 probabilitas
508 3759 632 3825 nititur,
664 3777 761 3814 vereor
785 3778 819 3814 ne
846 3763 989 3830 religionis
1020 3739 1098 3814 rausa
1121 3765 1163 3818 inv

172 3859 297 3915 maguam
312 3848 634 3924 discrimensdducatur.
664 3851 720 3908 Sed
735 3871 865 3925 norsum
883 3873 964 3930 sopra
982 3858 1159 3932 sumar,

984 3974 1031 4048 aa

1022 4510 1179 4550 *—
