2678 4584
398 192 420 243 Γ
454 194 479 241 n
511 193 526 225 ’³
561 198 566 215 ¹

174 309 261 417 ooo..
409 311 896 417 nrsrurnrto
959 361 963 373 .

174 521 254 593 ut,¹
271 503 361 602 quod
391 503 433 572 ab
465 504 517 572 his
552 517 721 596 tamquam
753 501 934 573 absurdum
966 498 1150 595 rejiciatur,

175 624 210 693 id
234 646 396 710 asensu,
421 637 590 716 tamquam
615 647 753 709 verum,
785 621 1008 693 defendatur?
1031 621 1170 712 altem,-

175 769 240 831 an,
264 743 291 812 si
314 767 352 810 ea
373 742 591 837 discrepantia
614 740 751 811 existere
776 756 893 834 queat,
918 739 994 835 plus
1019 743 1168 827 sensui,

174 862 418 959 quam-rationi
442 876 538 931 rectae
561 886 599 930 ac
622 867 719 930 Sacro
742 861 854 930 Codici
877 861 980 929 tribui
1004 860 1154 933 debeat?

172 987 288 1076 Neque
312 980 444 1074 difficile
467 996 537 1069 est,
568 981 608 1049 ad
641 995 816 1075 utramque
840 981 1054 1079 questionem
1079 1007 1153 1051 res-

173 1101 330 1197 pondere.
386 1107 471 1171 Nam
505 1100 546 1169 ad
583 1099 728 1194 priorem
763 1097 852 1168 illam
886 1100 977 1193 quod
1012 1100 1152 1169 attinet:

172 1245 242 1290 non
268 1219 448 1314 quaeritur,
473 1219 621 1314 possitne
644 1244 681 1291 ea
704 1244 773 1288 esse
797 1219 933 1304 rationis
956 1233 1054 1314 atque
1077 1245 1152 1289 sen·

172 1341 229 1410 sds
253 1365 383 1435 pugna,
409 1354 469 1427 ut,
488 1362 588 1435 quam
609 1364 680 1408 rem
700 1342 784 1410 ratio
809 1354 847 1408 ut
871 1335 983 1408 falsam
1007 1354 1040 1408 et
1064 1365 1153 1408 com-

172 1459 361 1529 menticiam
386 1456 530 1552 rejiciat,
553 1460 729 1527 adsensus
753 1458 926 1528 alliciatur.
975 1458 1059 1547 Quis
1083 1473 1153 1528 tam

167 1579 298 1649 ‘ferreus
321 1592 392 1662 est,
418 1577 473 1647 cui
496 1602 566 1647 non
581 1631 600 1664 ,.
616 1583 758 1672 Burgert'
784 1576 979 1649 Eleonoram
998 1577 1152 1673 legenti,

167 1697 310 1790 frigidus
334 1700 455 1766 horror
487 1697 637 1766 membra
670 1697 817 1792 quatiat,
842 1723 920 1769 cum
944 1713 1053 1768 tamen
1079 1723 1150 1768 rem

166 1815 278 1913 'ipsam
301 1818 411 1886 fretam
436 1840 474 1887 ac
498 1815 679 1886 fabulosam
712 1841 803 1904 esse,
837 1816 950 1887 sciat?
996 1818 1058 1886 Sed
1082 1843 1152 1888 non

166 1952 223 2006 est
255 1939 325 2006 haec
360 1961 474 2031 pugna
504 1936 640 2008 rationis
674 1961 751 2007 cum
784 1937 898 2005 sensds
915 1937 1071 2029 jecdom,
1096 1938 1153 2008 sed
1217 1994 1237 2008 κ

167 2032 251 2145 cum
285 2057 400 2126 senstis
434 2055 639 2144 affectione,
676 2081 749 2149 quae
781 2055 909 2124 affectio
932 2056 1067 2124 minime
1092 2056 1154 2126 de-

171 2191 354 2263 monstrat,
384 2189 423 2244 ut
453 2173 799 2262 mon-declarabitur,
836 2197 1000 2264 sensum„
1026 2201 1097 2270 qua.
1116 2201 1153 2246 re

162 2296 367 2401 Υ,ιρτουεαίιιη
399 2293 536 2364 eandem
576 2294 673 2362 etiam
717 2317 830 2364 veram
870 2294 1024 2386 judicare.
1083 2301 1152 2364 Nos

171 2416 309 2511 ‘quidem
333 2414 416 2487 fieri.
427 2437 547 2509 posse,
584 2438 764 2508 negamus,
789 2429 828 2483 ut
852 2413 966 2484 sensds
989 2415 1151 2506 judicium

171 2553 250 2603 cum
272 2533 398 2629 judicio
428 2531 566 2604 rationis
600 2548 750 2629 pugnet3
775 2558 975 2628 quamquam
999 2559 1066 2603 non
1091 2559 1154 2602 ne-

158 2656 263 2725 '‘cesse
294 2666 469 2748 putamus,
502 2677 575 2723 eam
609 2678 680 2723 rem
714 2676 842 2748 urgere.
892 2652 1034 2723 sienim
1060 2677 1154 2747 quae-

161 2775 263 2863 ritur
287 2815 336 2850 -ε
359 2799 436 2858 nam
459 2774 530 2843 haec
552 2771 652 2842 altera
676 2774 813 2869 quaestio
838 2787 906 2842 erat
929 2813 978 2826 —
1003 2772 1058 2842 illa
1082 2799 1155 2844 sen·

173 2894 240 2965 sfis-
257 2895 436 2965 commotio
465 2894 552 2991 (quae
577 2919 654 2964 eum
678 2893 814 2962 rationis
839 2893 961 2980 judicio
987 2893 1152 2986 quodam-

175 3013 279 3082 modo
304 3034 456 3109 pugnare·
485 3014 592 3083 videri
622 3008 737 3107 queat)
769 3012 915 3106 possitne
939 3012 1153 3106 rationiseju-

177 3133 301 3202 dicium
328 3129 530 3222 convellere,
553 3131 751 3228 explicandae
781 3145 860 3199 sunt
890 3128 977 3208 illius
1006 3130 1155 3200 affectio-
1222 3209 1225 3215 ¹

178 3255 231 3324 nis
253 3275 380 3338 causae,
394 3307 398 3331 ἓ
411 3237 485 3345 quae
513 3251 609 3345 nobis
642 3251 791 3322 videnter
820 3275 890 3320 esse
913 3251 996 3319 duae.
1044 3248 1156 3321 Altera

178 3395 276 3444 causa
305 3385 375 3457 est,
403 3371 433 3439 si
460 3371 567 3440 ratio.
584 3369 729 3465 aliquam
768 3394 860 3457 rem,
891 3384 1057 3463 tamquam
1092 3368 1172 3444 fal-r

177 3517 274 3580 sam,
308 3477 604 3589 rejicerevitantum
635 3491 789 3577 ottdetur,
815 3515 891 3560 cum
926 3515 963 3558 re
996 3513 1071 3559 vera
1095 3488 1157 3554 ad·-

179 3610 250 3686 huc
273 3607 397 3704 aliquid
414 3611 416 3614 ’
432 3607 654 3697 dubitationis
680 3608 831 3705 supersit.
882 3607 981 3700 Quod
1003 3605 1159 3685 declarari

177 3742 292 3826 potest
324 3753 455 3801 eorum>
477 3707 654 3808 hominum
691 3727 841 3827 exemplo
857 3729 960 3827 ,quiq
973 3718 1014 3826 de
1037 3713 1158 3821 supd'r-

181 3846 324 3926 stitionis
348 3847 488 3923 vanitate
511 3845 595 3921 belle
618 3846 786 3946 disputare
809 3847 932 3938 solent,
955 3869 1034 3917 cum
1057 3843 1159 3917 iidem
