2678 4584
318 457 320 463 Ι
394 338 985 431 »smnst'aetsno
1114 361 1174 462 ss

149 544 153 553 ’
189 545 354 633 indolem,
389 561 448 634 ut,
481 536 562 616 ¹eisin
598 549 789 643 Schellingn‘c'
817 551 968 622 doctrina
1000 555 1172 649 pmdiret,

189 668 364 737 hominum
398 666 499 737 animi
523 666 769 763 quodammodo
802 671 975 766 praeparati
1000 689 1108 744 essent
1132 677 1175 747 ad
1234 669 1243 679 ’

190 787 434 882 suscipiendum
464 787 641 882 mysticum
675 784 772 858 illum
804 815 959 881 sensum,
991 819 1092 888 quem
1117 821 1174 865 re-

188 908 372 981 centissima
395 907 457 978 hac
479 906 690 1004 philosophia
715 909 775 996 iis,
806 911 865 1005 qui
894 911 999 1007 ipsam
1026 913 1175 1010 ample-e-

187 1043 324 1118 tuntur,
345 1025 495 1103 instillat.
541 1035 595 1105 Eo
618 1029 723 1124 magis
746 1044 857 1101 autem
883 1056 1013 1103 necesse
1035 1050 1109 1121 est,
1135 1051 1175 1107 ut

186 1150 227 1219 de
256 1148 418 1245 superiori
453 1146 508 1217 illa
540 1147 753 1244 philosophia
783 1149 950 1239 dicamus,
987 1154 1077 1247 quod
1103 1158 1175 1227 haec

184 1270 308 1357 etiam,
344 1268 507 1365 imprimis
532 1275 734 1357 Kammna,
774 1268 961 1355 nonnullos,
977 1287 1035 1340 ant
1058 1274 1176 1346 habuit

184 1407 243 1461 aut
273 1389 383 1463 adhue
415 1390 514 1459 habet
539 1404 745 1475 sectatores,
770 1390 829 1483 qui
853 1390 1094 1483 Mysticismum
1118 1418 1175 1467 se-

102 1487 105 1491 r
184 1486 389 1609 querentur,
414 1492 483 1579 non
507 1504 657 1594 aliunde,
684 1532 783 1601 quam
805 1507 846 1577 ab
876 1508 946 1604 ipsa
973 1509 1174 1610 illa,quai1't

184 1628 391 1737 probabant,
424 1625 636 1723 philosophia
659 1626 817 1696 haustum
842 1642 943 1722 atque
966 1631 1130 1725 petitum,
1154 1650 1175 1704 'e

183 1750 307 1847 quibus
323 1773 430 1818 unum
446 1747 646 1842 Stc'llt'nginm
665 1745 852 1816 nominasse
878 1747 1029 1820 sufficiat.
1074 1753 1175 1842 Quod

183 1885 296 1960 autem
321 1869 362 1937 de
391 1872 520 1938 Kantio
553 1865 787 1961 potissimum,
822 1868 953 1938 Faenio
987 1894 1025 1941 ae
1057 1870 1175 1942 Schel-

183 1990 289 2085 ls'nffo
314 1988 478 2074 dicemus,
503 1986 550 2056 ita
573 1986 751 2073 faciemus,
777 1986 868 2082 quod
892 2003 1005 2059 nostra
1022 2004 1116 2061 aetate
1135 1986 1173 2066 lii

176 2094 553 2203 'triumviri'praes'ertim
574 2106 729 2178 censendi
753 2119 832 2176 sunt
857 2132 958 2178 novas
977 2123 1079 2180 sectas
1097 2123 1173 2184 con·

177 2213 313 2299 [didisse.
363 2234 513 2298 Fuerunt
543 2215 662 2322 preter
685 2240 741 2296 eos
776 2239 875 2321 atque
909 2241 987 2297 sunt
1018 2230 1170 2326 praeclaii

183 2350 265 2436 n'ri,
299 2349 439 2418 summis
465 2347 604 2441 ingeniis
634 2346 786 2441 praediti,
821 2361 921 2441 atque
954 2349 995 2419 de
1018 2351 1173 2444 philoso-

185 2470 264 2565 phia
293 2468 418 2562 optime
442 2464 576 2554 meriti,
616 2452 674 2533 sed
704 2480 866 2535 nontam
892 2492 986 2536 novae
1010 2467 1171 2544 doctrinae

186 2603 356 2684 auctores,
393 2609 494 2682 quam
529 2583 642 2680 potius
677 2583 767 2678 ejus,
804 2608 878 2679 quae
902 2609 921 2653 a
946 2584 1051 2656 tribus
1086 2579 1172 2680 illis,

185 2733 271 2804 quos
292 2707 569 2792 memoavimus,
601 2701 809 2799 philosophis
834 2703 965 2800 prodita
986 2720 1059 2796 est,
1094 2736 1171 2782 cen·

187 2853 300 2915 sores,
338 2827 552 2922 interpretes,
589 2823 824 2893 emendatores.
882 2829 950 2895 Nos
979 2813 988 2862 t
992 2826 1095 2923 igitur
1129 2831 1171 2901 d'e

185 2947 292 3020 trihus
307 2923 381 3038 ,illis
408 2943 598 3042 singillatim
622 2943 780 3014 dieamus.
830 2954 832 2971 '
1094 2952 1096 2957 ’
