2678 4584
371 284 942 416 arrersgrmrsuu.
1078 291 1143 387 137
1246 238 1253 250 ⁸

161 471 256 559 >Cum
292 487 379 556 enim
419 501 712 583 argumentamur,
742 486 807 556 boc
842 486 1024 571 sumimus,
1058 492 1146 572 nos,
1239 558 1241 562 .

176 622 337 702 quatenus
365 605 541 676 defecimus
577 607 618 675 ub
646 603 823 692 Absoluto,
839 668 841 672 .
856 629 930 675 vere
948 604 1145 690 subsistere,

175 728 197 795 i.
226 752 253 794 e.
279 740 429 795 nostrum
459 726 653 820 empiricum
682 718 751 817 Egd
780 738 991 794 esse'veram
1021 746 1081 818 per
1109 744 1148 790 se

176 847 404 932 substantiam,
426 870 502 914 cum
523 859 651 913 tantum
670 840 911 939 phaenomenon
932 842 984 911 sit.
1034 847 1146 928 Quan-

176 963 353 1057 doquidem
384 964 485 1057 igitur
519 941 588 1058 ipsa
616 961 671 1061 itta
696 962 855 1033 assumtio
883 958 960 1030 falsa
982 973 1048 1047 est,
1072 957 1145 1028 fieri

177 1107 244 1150 non
271 1096 395 1175 potest,
419 1096 457 1150 ut
486 1060 711 1170 conclusione,
743 1106 817 1176 quar
843 1081 884 1149 ab
906 1077 962 1148 itta
986 1077 1143 1163 ducitur,

177 1224 291 1268 verum
320 1200 510 1294 reperiatur.
565 1207 679 1294 Itaque
712 1197 912 1268 Absolutum
947 1191 1146 1290 cognoscere

177 1319 350 1400 debemus,
387 1333 547 1412 quatenus
566 1318 641 1412 'ipsi
672 1318 706 1386 in
734 1315 893 1386 Absoluto
914 1339 1050 1400 sumus,
1075 1307 1145 1384 non

176 1453 337 1531 quatenus
366 1438 406 1504 ab
433 1461 473 1505 eo
497 1437 683 1506 defecimus.
733 1442 817 1521 Cum
843 1435 963 1528 igitur,
987 1447 1026 1502 ut
1056 1433 1144 1501 vidi-

177 1581 269 1640 mus,
291 1553 544 1624 Absolutumse
567 1554 675 1648 ipsum
699 1555 882 1640 intueatur,
907 1553 929 1622 i.
950 1577 980 1622 e.
1001 1576 1145 1645 cognos-

77 1750 78 1757 χ
177 1687 249 1760 cat,
271 1696 377 1766 neque
397 1671 458 1740 alia
479 1671 628 1742 Absoluti
645 1671 789 1768 cognitio
808 1695 877 1740 esse
900 1670 1020 1764 possit,
1044 1694 1145 1764 quam

177 1795 374 1864 immeditata
401 1799 548 1877 r'rrtm'tio,
580 1793 729 1887 sequitur
759 1791 821 1861 hac
848 1790 915 1862 und
940 1793 994 1877 viat
1021 1816 1081 1860 uos
1105 1790 1148 1860 ad

83 1965 87 1973 .
179 1911 329 1982 Absoluti
358 1911 578 2007 cognitionem
612 1911 781 2006 pervenire
803 1934 907 2005 possea
958 1917 1016 1980 Est
1038 1924 1149 1980 autem

178 2031 233 2101 itta
263 2032 396 2102 intuitio
428 2054 527 2127 supra
551 2043 686 2102 omnem
714 2030 1035 2105 demonstrationem
1054 2029 1155 2126 posi-⁴

178 2167 212 2222 1³
231 2149 329 2248 (rb
1011 2252 1014 2261 ,

186 2287 189 2292 ’
227 2273 316 2341 sieut
345 2269 400 2341 illa
426 2271 467 2341 ab
491 2268 652 2341 Absoluto
683 2270 822 2342 desectio
844 2294 882 2340 ac
910 2268 1148 2366 perseverantia

179 2370 213 2459 in
239 2390 417 2459 defectione
438 2398 618 2484 peccatum
652 2388 890 2482 (immorahtas)
916 2404 983 2477 cst,
1004 2393 1049 2458 ita
1072 2410 1149 2458 vere

178 2516 280 2581 vz'rtus
312 2504 510 2605 (moralitas)
535 2520 589 2578 ‘est
619 2504 706 2584 illius
739 2508 861 2602 peccati
886 2508 1048 2602 expiatio,
1073 2532 1148 2602 quar

179 2629 217 2698 fit
240 2647 300 2722 per
321 2627 540 2716 abjectionem
549 2627 702 2722 empirici
722 2626 826 2696 nostri
849 2631 938 2720 Ego,
958 2650 996 2697 ac
1015 2650 1076 2722 per
1095 2650 1154 2696 re··

179 2746 284 2815 ditum
316 2746 351 2814 in
377 2743 596 2834 Absolutum,
632 2769 742 2840 aquo
768 2745 1074 2816 defectuosum
1097 2758 1155 2818 est‘

178 2867 355 2935 conciliari
368 2871 440 2934 Deo
457 2879 491 2933 et
510 2887 586 2934 cum
611 2887 654 2933 eo
671 2871 869 2960 engratiam
891 2865 999 2933 redire
1021 2865 1035 2960 (
1054 2865 1081 2960 ).

191 3026 194 3035 ·
226 2991 302 3054 ttaec
321 2983 362 3055 de
383 2983 604 3077 Schellr'ngio,
638 2985 733 3071 cuius
756 2969 825 3078 ⁴ego
854 2983 1054 3073 doctrinam,
1087 2983 1151 3054 etsi

128 3136 132 3152 ι
177 3103 312 3173 minime
325 3150 329 3154 -
342 3104 469 3200 pmbo,
499 3118 608 3173 tamen
626 3104 721 3174 baud
744 3129 813 3174 uno
837 3103 970 3177 nomine
993 3105 1145 3176 Fa'cda'a·

210 3511 257 3581 (y)
275 3508 340 3562 Vid.
365 3513 400 3563 Ρ.
418 3517 447 3563 B.
461 3491 604 3580 limma-¹7,
623 3514 730 3569 Philon.
752 3512 913 3569 Untersuch.
935 3513 1000 3569 uter
1015 3519 1069 3570 den
1085 3515 1146 3568 olla

174 3621 244 3677 gem.
268 3606 381 3677 Verfoll
395 3607 443 3658 das
459 3604 587 3660 menschL
613 3608 821 3675 Gesohlrcfflr,
843 3610 918 3663 Tem.
937 3609 961 3663 1.
974 3629 1005 3685 p.
1016 3611 1067 3669 ἐι.
1083 3600 1153 3684 sqq(

208 3716 247 3787 u)
268 3715 423 3787 scrattiae,
440 3714 693 3794 Perterrpttcmd
706 3718 902 3798 Μίδεω
920 3721 967 3780 er.
