2678 4584
88 326 91 333 ⁴
176 320 240 382 m·
378 288 590 380 -ttn'rsssr
611 294 642 378 o
663 304 693 379 r
715 296 743 378 t
766 302 795 378 r
816 281 941 378 rot·

171 503 347 573 danvmotlo
368 501 613 595 scepticismnm
637 444 766 570 videtur
777 500 793 570 Ρ
840 497 929 589 Quid
942 498 1031 571 enim
1046 506 1142 598 Scep-¹

172 622 245 691 ticis
263 620 385 715 gratius
402 635 435 688 et
457 623 560 709 magis
581 635 693 714 optato
711 619 853 688 accidere
873 634 1019 713 poterat,
1039 647 1138 714 quam

173 742 228 826 id,
248 739 338 833 quod
354 739 509 807 Kourias
528 739 624 807 etiam
641 730 737 832 atque
757 739 852 806 etiarn
874 740 1062 826 contendit,
1078 765 1139 809 nos
1241 786 1243 793 ·

173 883 241 940 res,
259 863 405 953 turpasse
416 881 485 952 per
501 881 539 925 se
557 864 626 926 sint
638 912 648 943 ,
659 883 725 939 non
741 882 835 952 posse
847 883 1044 951 cognoscere
1059 857 1141 955 (ull
1182 905 1185 912 -

170 960 232 1048 se‘d
260 974 385 1045 etiamsi
406 976 476 1045 haec
503 976 630 1044 Kantit‘
649 977 806 1045 sententia
830 966 1043 1070 itacxplica'ri
1069 974 1142 1071 pos·

171 1095 237 1183 sit,
264 1109 303 1164 ut
334 1092 382 1163 nil
412 1096 608 1164 firmamenti
641 1094 716 1162 inde
749 1095 957 1190 Scepticismo
990 1094 1141 1183 accedere

169 1214 292 1311 possit,
316 1216 390 1309 quis
411 1227 519 1282 tamen
540 1237 608 1282 non
637 1213 741 1300 videt,
767 1212 855 1281 haud
879 1238 980 1307 pauca
1001 1213 1042 1281 ab
1059 1239 1142 1313 30ᾳὶ-

83 1344 86 1352 ’
174 1333 300 1403 tissimo
330 1333 402 1405 viro
431 1347 469 1400 ut
491 1346 578 1401 oerta
595 1347 629 1400 et
657 1331 838 1403 indubitata
861 1335 957 1427 poni,
982 1357 1057 1426 quae
1079 1333 1140 1420 iis,

172 1434 231 1549 <⁶1⁰3
245 1450 338 1540 istam
356 1448 525 1519 dubitandi
544 1450 812 1520 consuetudinem
829 1465 1035 1545 sequuntur,
1052 1450 1144 1525 haud

170 1566 263 1659 facile
298 1560 516 1666 probaverit?
543 1552 692 1639 Primum
724 1565 893 1639 Kautriu⁸
908 1569 1029 1657 sumit,
1067 1594 1168 1657 esse,

172 1689 433 1786 Experieutiam,
464 1703 565 1785 atque
596 1713 682 1758 eam·
700 1691 895 1758 sententiam
909 1721 912 1726 ·
925 1689 971 1757 sic
998 1689 1140 1787 probat,

166 1801 265 1909 ‘q'uod
292 1784 360 1877 bon
382 1802 475 1876 aliter
500 1806 603 1875 facere
619 1823 689 1875 non
714 1804 897 1899 possimus,
929 1806 1010 1901 quin
1037 1808 1141 1879 varias

172 1942 301 2021 nostras
320 1950 358 1995 ac
389 1922 585 2019 multiplices
613 1924 862 1995 Observationes
883 1927 1141 2019 conjungamus,

174 2063 213 2117 ut
231 2070 336 2115 unum
351 2042 451 2114 veluti
469 2068 590 2139 corpus
611 2026 882 2135 Observationum
901 2043 969 2129 fiat,
986 2069 1052 2139 qua
1066 2070 1142 2116 con·

169 2142 340 2260 junctione
368 2162 576 2256 Experieutia
605 2161 833 2232 contineatur?
880 2162 1003 2265 Atqui,
1033 2163 1144 2258 inquit

173 2280 339 2378 Scepticus
352 2335 361 2368 ,
375 2306 415 2349 ex
431 2305 489 2368 eo„
506 2278 596 2375 quod
614 2306 675 2349 nos
695 2278 788 2348 aliter
805 2286 957 2372 cogitare
977 2307 1045 2351 non
1066 2308 1143 2377 pos·

173 2402 293 2488 simus,
324 2398 492 2494 quomodo
519 2399 651 2493 tandem
678 2403 913 2493 consequatur,
940 2424 1009 2497 rem
1037 2400 1142 2495 ipsam

174 2544 282 2615 neque
303 2517 396 2588 aliter
419 2543 454 2587 se
475 2512 617 2606 babere,
640 2544 746 2615 neque
766 2518 886 2587 habere
909 2519 1026 2613 posse?
1073 2529 1143 2593 Aut

176 2638 345 2735 quomodo
381 2637 443 2705 ista
476 2638 611 2707 rationis
637 2635 812 2727 ‘conclusio
851 2638 1009 2719 universae
1042 2639 1143 2732 hujus
1263 2677 1266 2681 ·

174 2752 389 2855 philosophiae
422 2748 523 2828 indoli
547 2771 762 2825 consentanea
789 2757 847 2842 sit,
872 2782 945 2853 quae
967 2755 1037 2826 aliis
1062 2756 1142 2830 locis

175 2876 261 2950 banc
286 2874 537 2970 argumentandi
560 2875 774 2946 temeritatem
804 2873 895 2946 valde
925 2877 1143 2969 aspernetur?

175 2976 301 3069 Deinde
331 2986 408 3063 cum
437 2992 619 3081 Kourias,
650 3018 719 3065 esse
745 2994 987 3088 Experientiam
1016 2996 1143 3083 sumit,

175 3102 250 3212 vinae
272 3139 313 3183 ex
337 3112 609 3182 Observationum
629 3128 815 3182 nostrarum
838 3090 1045 3206 copulatione
1067 3115 1144 3209 gig-

174 3250 293 3319 natur,
308 3230 390 3302 illud
406 3233 507 3323 sumit
527 3255 596 3304 esse
611 3229 753 3326 aliquam
772 3231 1042 3303 Observationum
1066 3260 1144 3305 nos·

164 3334 303 3427 <turum
328 3354 530 3434 moeream,
558 3374 650 3442 quae
676 3350 775 3419 nobis
793 3356 1017 3419 exstnbsecus
1031 3377 1144 3446 prue-

176 3472 316 3554 beatur,
332 3491 432 3562 quam
454 3464 680 3555 elaboremus,
696 3491 863 3568 quamquo
880 3485 989 3543 mente
1009 3471 1143 3569 recipia-

212 3849 261 3928 (μ)
273 3854 390 3920 Sem,
407 3853 485 3906 Get‘vt
497 3852 550 3907 der
563 3854 672 3909 Ptitoe.
689 3855 720 3908 in
737 3855 845 3911 Profet.
858 3851 944 3927 1}AE
962 3866 1022 3925 sqq.
