2678 4584
383 299 959 393 naMYsrlctsMO.
1123 299 1170 398 75

182 512 363 560 servorum
393 505 463 558 erat
486 489 547 559 ista
570 491 775 590 conjunctio,
798 491 911 562 eadem
935 491 1048 562 erent
1072 490 1168 564 eolli-

181 624 364 705 gatorurn,
395 610 536 680 eundern
573 637 685 682 casum
720 609 915 703 dolentium.
975 613 1098 682 Pedem
1128 628 1169 684 ut

180 732 293 801 domo
323 728 502 819 extuleras,
534 732 738 826 excipiebant
771 747 813 801 te
839 729 1005 828 querelae,
1043 733 1177 828 quibus

182 838 403 945 repellebare:
436 865 475 920 ut
511 850 642 922 difficile
672 853 763 922 dictu
793 852 857 939 sit,
880 850 999 947 plusne
1023 849 1084 922 ista
1107 878 1167 924 so·

183 971 299 1056 oietas,
325 996 367 1040 an
391 969 554 1056 solitudo,
578 974 750 1042 moestitiae
773 971 914 1042 afferret.
965 970 1054 1042 lllud
1077 987 1167 1043 certe

179 1088 325 1186 ..intelligi
349 1091 513 1179 arbitror,
538 1116 609 1161 eam
634 1093 732 1162 fuisse
754 1093 855 1188 hujus
880 1093 1043 1162 societatis
1067 1093 1168 1163 ratio·

178 1235 281 1298 mern,
313 1225 352 1280 ut
382 1212 423 1280 ad
456 1212 647 1281 subtristem
678 1212 773 1282 illum
804 1214 905 1282 animi
930 1238 1082 1301 sensum,
1106 1200 1171 1309 qui

184 1331 378 1426 Mysticismi
402 1331 557 1426 proppius
581 1356 651 1401 esse
673 1331 771 1420 solet,
797 1324 1005 1403 excitanduin
1030 1348 1064 1402 et
1080 1331 1167 1403 alen·

175 1451 283 1538 dum,
309 1476 408 1546 quarn
431 1452 685 1548 abstergendum
708 1477 746 1522 ac
770 1453 1035 1548 reprimendum,
1055 1453 1165 1549 aptior

180 1571 362 1642 ¹videretur.

234 1691 297 1761 Sed
331 1692 408 1760 satis
442 1716 512 1760 esse
545 1689 745 1761 declaratum
780 1692 942 1778 arbitror,
977 1690 1163 1766 calamitosa

174 1836 296 1881 “rerum
320 1809 535 1905 ⁸publicarum
567 1827 716 1906 tempora
745 1779 907 1906 quantuni
932 1808 1057 1880 valeant
1082 1836 1160 1883 cum

172 1933 226 2000 rad
257 1932 391 2002 liberam
421 1938 565 2002 rotronis
586 1932 775 2026 ingeniique
803 1929 1014 2024 agitationem
1050 1932 1160 2026 impe·
1238 1936 1240 1940 “

179 2052 359 2139 diendam,
384 2054 457 2122 tuni
480 2053 521 2120 ad
544 2052 712 2145 religionis
735 2054 870 2120 sensum
894 2051 1102 2120 excitandum
1125 2065 1161 2122 et

172 2172 429 2266 adjuvandum,
460 2187 497 2241 ut
525 2171 617 2243 facile
647 2170 838 2266 praevaleat,
864 2171 1045 2266 praesertim
1070 2195 1160 2241 acee-

171 2276 338 2361 ³dentilri1s
360 2292 498 2361 aliarum
523 2317 694 2362 causarum
712 2291 900 2360 momentis.
935 2289 1049 2360 Plures
1067 2291 1159 2361 enim

175 2413 385 2500 ›oon‘junetirn
401 2427 537 2501 ¹exstare
559 2436 663 2480 causae
686 2410 813 2494 solent,
839 2410 961 2503 quibus
984 2411 1025 2478 ad
1048 2425 1157 2479 rnatu-

128 2595 130 2601 ,
182 2530 312 2599 ritatem
342 2532 563 2627 Mystieismus
595 2530 813 2625 perducatur:
847 2553 921 2623 quae
949 2553 1054 2598 oausae
1078 2553 1157 2601 cum

183 2647 218 2718 in
248 2651 353 2745 patria
383 2667 494 2721 nostra
518 2652 667 2721 nondum
690 2663 838 2738 exstent,
863 2646 1002 2745 intelligi
1025 2649 1160 2744 potest,

167 2794 302 2864 quare,
335 2797 411 2842 curn
442 2773 528 2842 idem
561 2771 676 2842 servile
704 2746 822 2867 jugem
851 2786 1027 2866 utramque
1050 2771 1157 2841 natio·

181 2916 256 2960 nern
282 2894 496 2988 oppresserit,
520 2909 629 2963 tamen
645 2918 768 2963 sensus
792 2890 846 2960 ille
862 2891 1039 2978 obscurus,
1054 2903 1166 2985 quem-

180 3011 279 3083 multi
310 3015 344 3084 in
374 3016 547 3085 Germania
579 2994 785 3110 sequuntur,
818 3025 1010 3089 nostrorum
1040 3011 1154 3081 homi-

176 3152 263 3203 ‘num
288 3134 414 3206 animos
439 3136 589 3206 nondum
613 3131 829 3228 oocupaverit.
879 3130 978 3218 Quod
1001 3155 1078 3211 curn
1099 3131 1156 3200 di-

175 3276 239 3340 eo,
271 3251 391 3348 loquor
421 3256 462 3325 de
495 3255 696 3354 lllysticisrno
727 3252 961 3339 Reatinorum,
986 3251 1044 3346 qui
1069 3250 1156 3323 lianc

177 3373 340 3444 sationem
376 3376 506 3472 scriptis
540 3377 608 3447 suis
641 3373 833 3470 patefaciant
862 3387 894 3442 et
925 3372 966 3442 ad
995 3372 1153 3442 doctrinae

172 3491 319 3561 formam
354 3513 564 3591 componant.
623 3501 706 3566 Nam
737 3495 771 3563 in
802 3491 986 3564 multorum
1015 3490 1153 3587 popula·

171 3602 266 3680 nium
301 3629 492 3684 nostrorum
523 3615 640 3686 animis
664 3640 732 3684 non
755 3614 866 3683 minus
890 3637 989 3707 quarn
1014 3611 1048 3679 in
1073 3615 1159 3682 Gen·

176 3743 374 3822 manorum,
404 3759 536 3804 sensum
566 3734 752 3828 religiosum
784 3730 915 3828 publica
945 3729 999 3800 illa
1022 3730 1152 3801 ‹elami-

162 3863 246 3920 *tate
269 3853 553 3929 vehementissime
577 3881 646 3929 esse
670 3869 896 3951 commetnnr,
924 3867 958 3925 et
982 3851 1044 3948 ipsi
1068 3875 1152 3947 sape
