2678 4584
171 279 221 370 '7²'
392 269 896 360 ,arsrurarrc

169 459 279 556 possis
311 459 435 530 libere?
481 460 550 532 'Aut
580 462 607 533 si
640 443 768 556 possis,
802 471 883 529 tune
916 457 951 526 in
982 457 1153 528 communi

115 666 122 681 ο
171 581 262 656 clade
291 566 583 675 pracipuamtibi
608 582 775 650 fortunam
799 576 972 674 postules?
1020 585 1058 647 In
1082 604 1153 649 om

169 699 267 770 nium
289 724 431 768 moerore
449 716 487 769 tu
506 699 596 793 solus
613 699 741 769 luctum
759 684 828 767 non
844 697 1020 792 suscipias?
1052 698 1153 802 Quod

172 818 222 901 si,
260 832 297 886 ut
333 819 471 887 historia
502 820 654 888 omnium
686 819 858 888 nationum
893 819 1004 904 docet,
1035 819 1154 886 amissa
1207 819 1218 826 ’

169 933 343 1028 libertate,
376 951 486 1007 tantus
511 939 643 1032 ingenia
666 954 784 1032 torpor
808 939 961 1015 hebctarc
985 936 1089 1023 solet,
1114 949 1153 1005 ut

170 1056 294 1125 artium
324 1081 361 1125 ac
394 1056 621 1127 doctrinarum
650 1058 704 1128 vix
738 1059 856 1126 umbra
878 1055 987 1150 aliqua
1010 1054 1154 1148 rclmqui

171 1175 347 1264 videatur,
370 1179 464 1272 quasi
489 1204 567 1248 vero
591 1204 610 1248 e
633 1178 802 1248 communi
827 1177 998 1270 naufragio
1022 1201 1064 1244 ne
1087 1175 1155 1244 ani·

169 1295 219 1366 mi
251 1297 385 1390 quidem
409 1298 495 1366 bona
521 1323 668 1386 servare,
695 1297 972 1395 operaepretium
996 1295 1059 1382 sit,
1084 1319 1155 1388 quo
1181 1351 1185 1359 .

171 1414 305 1485 taudem
338 1413 412 1485 loco
445 1420 553 1507 justus
587 1442 699 1485 rerum
732 1417 854 1485 arbiter
885 1441 925 1487 ea
947 1416 1034 1484 bona
1058 1415 1156 1482 habc-
1251 1482 1257 1491 ,

170 1532 253 1621 bit,
291 1561 394 1629 quaa,
429 1535 570 1605 sortunae
602 1535 724 1606 levitati
759 1532 928 1627 subjecta,¹
957 1559 1018 1602 ncc
1052 1531 1157 1617 ullam

172 1658 391 1729 constantiam
413 1655 579 1741 habeant,
605 1681 682 1742 nec,
708 1653 836 1724 sublata
868 1655 1033 1739 libertate,
1069 1651 1156 1721 libe-

83 1832 86 1839 .
170 1798 244 1841 ram
278 1773 329 1842 sui
364 1775 491 1869 copiam
526 1775 664 1860 faciant,
697 1798 774 1859 nec,
801 1775 828 1842 si
861 1773 996 1868 quidem
1020 1772 1158 1858 faciant,

172 1891 209 1959 in
251 1891 349 1958 rebus
391 1890 533 1960 adversis
572 1893 650 1960 satis
692 1892 848 1961 idoneum
880 1893 1068 1986 perfugium
1101 1905 1157 1959 at-

172 2034 239 2102 que
271 2008 425 2080 solatium
461 2009 656 2104 praeheant?
704 2011 877 2103 Denique,
908 2010 1034 2078 sublata
1056 2008 1155 2079 liber·

171 2142 256 2214 tate,
284 2127 424 2199 solvitur
455 2155 633 2199 commune
664 2130 824 2198 societatis
848 2128 1028 2214 vinculum.
1078 2136 1157 2217 Quo

172 2248 370 2345 arctioribus
394 2246 544 2318 cancellis
567 2248 827 2342 uniuscujusque
853 2247 984 2346 libertas
1008 2250 1156 2319 circum·

80 2344 87 2357 ⁶
168 2365 350 2454 scribitur,
379 2392 418 2436 co
443 2366 574 2460 longius
599 2369 751 2437 homines
775 2394 794 2437 a
819 2370 1016 2438 seinvicem
1041 2372 1156 2461 sejun-

156 2501 310 2578 guntur.
361 2492 418 2557 Est
449 2487 539 2556 enim
574 2466 754 2582 suspiciosa
784 2489 951 2582 tyrannis,
983 2503 1015 2558 et
1034 2490 1156 2557 'homi-
1228 2578 1231 2584 Ι

173 2630 258 2674 num
290 2630 485 2698 congressus
514 2621 571 2675 aut
602 2613 739 2701 prorsus
765 2608 918 2702 impedit,
942 2624 999 2676 aut
1022 2611 1090 2702 ipsa
1116 2611 1158 2677 iis
1231 2616 1236 2625 *

99 2760 105 2775 ,
172 2726 356 2808 interesse,
380 2749 503 2818 eosque
525 2725 687 2793 moderari
713 2730 814 2820 cupit.
864 2725 970 2796 Multa
994 2729 1029 2795 in
1053 2727 1157 2796 libera

173 2841 305 2921 civitate
329 2858 514 2936 geruntur,
547 2869 620 2938 quae
645 2845 678 2913 in
702 2845 869 2938 ergastulo
894 2847 963 2939 geri
987 2871 1055 2915 nou
1080 2872 1155 2940 pos-

173 2976 264 3030 sunt.
313 2964 509 3056 Interposita
538 2964 625 3032 enim
650 2964 738 3032 inter
765 2964 850 3034 cives
875 2981 972 3058 atque
996 2965 1080 3034 cives
1105 2980 1155 3060 ty-

175 3080 331 3168 rancide,
363 3107 436 3176 quae
468 3097 593 3176 postest
621 3108 690 3152 esse
714 3082 817 3152 libera
839 3085 1017 3153 hominum
1041 3111 1157 3155 neces-

176 3199 309 3287 situdo,
345 3201 436 3301 quod¹
473 3203 736 3289 commercium,
776 3228 850 3297 quae
892 3205 1047 3291 societas,
1081 3229 1157 3299 quae

176 3319 393 3413 conjunctio?
441 3302 518 3391 Hirr
547 3337 656 3391 autem
688 3324 715 3391 si
745 3322 846 3392 libera
876 3349 943 3393 non
975 3340 1074 3412 sunt,
1098 3327 1158 3394 ni-

176 3436 239 3507 hili
275 3453 372 3526 sunt,
403 3464 483 3526 nec,
514 3441 572 3534 qui
594 3442 629 3509 in
655 3440 745 3511 nulla
770 3442 897 3512 civitate
921 3443 1023 3531 vivit,
1048 3443 1157 3513 multo

181 3545 351 3652 deterioris
381 3575 428 3628 est
460 3562 680 3649 conditionis,
712 3588 812 3657 quam
845 3563 903 3657 qui
928 3564 962 3631 in
986 3562 1050 3656 hoc
1073 3564 1156 3631 civi-

179 3676 256 3748 ''tatis
285 3677 479 3756 simulacro..
520 3681 609 3781 Quid
641 3707 731 3755 emm
764 3683 923 3781 interest,
959 3681 1090 3753 solusne
1119 3681 1155 3750 in
