2678 4584
178 269 932 368 272' D135P3U'1'AT10.
1037 314 1046 320 -

175 477 367 560 pugnaret,
407 489 477 536 nou
514 475 597 533 esset
640 463 803 558 possibilis
841 463 1157 559 illoneoessitudo.
1225 536 1231 549 ,

143 615 146 620 ·
176 585 354 675 Quomodo
394 600 533 672 autem,
570 608 646 654 cum
696 585 804 657 omnis
852 600 965 656 nostra
1000 590 1159 681 cogitatio

174 706 334 802 temporis
352 701 394 775 sit
415 703 577 798 spatiique
593 704 836 775 conditionibus
856 705 1028 795 adstricta,
1046 690 1157 782 Deum

171 848 371 921 cognoscere
398 848 579 918 queamus,
604 823 639 894 in
664 826 758 915 cujus
774 824 957 913 ,notionem
983 853 1043 898 neo
1070 843 1154 900 tem-

171 970 236 1041 pus
270 969 331 1014 nec
361 943 506 1039 spatium
541 942 665 1014 eadat?
709 943 816 1036 Igitur
853 945 937 1014 ratio
976 948 1003 1014 si
1036 948 1157 1020 docere

43 1063 66 1086 ⁰
172 1062 248 1138 vult
276 1062 367 1133 illam
390 1062 508 1133 divinae
535 1075 662 1133 naturae
692 1087 729 1132 ac
757 1063 883 1156 generis
911 1064 1049 1135 humani
1075 1093 1158 1138 con-

173 1184 378 1278 junctionem
405 1206 473 1254 esse
496 1206 624 1279 posse,
649 1208 756 1259 suurn,
777 1184 846 1279 ipsa
867 1183 1030 1278 judicium
1058 1213 1159 1256 ever-
1251 1251 1256 1257 .

171 1307 224 1375 tit.
274 1305 306 1375 Si
336 1303 425 1373 enim
457 1302 599 1390 fatetur,
629 1302 743 1396 quod,
774 1303 838 1372 nisi
870 1303 1047 1374 admodum
1075 1331 1157 1399 pro-

173 1450 234 1498 cax
267 1423 341 1511 sit,
363 1422 457 1492 fateri
487 1421 606 1506 debet,
642 1446 676 1490 se
710 1419 834 1490 nullam
875 1423 994 1492 habere
1031 1426 1155 1515 justam

173 1559 207 1616 ct
237 1527 421 1615 accuratam
455 1538 659 1635 (positivam)
697 1540 756 1608 Dei
788 1542 1039 1634 cognitionem,
1066 1545 1156 1636 judi·

173 1688 247 1757 carc
281 1687 350 1732 non
382 1674 513 1755 potest,
535 1657 591 1728 illa
621 1659 811 1753 conjunctio
843 1686 912 1731 esse
932 1670 1066 1757 possit,
1091 1690 1156 1736 nec

171 1782 243 1865 ue?
290 1782 349 1851 Sin
383 1805 460 1849 vero
496 1775 552 1848 illa
583 1778 643 1848 Dei
675 1780 768 1848 notio
801 1779 1019 1869 informetur,
1043 1808 1155 1877 ⁴quam

85 1991 88 1997 Ι
174 1927 237 2000 uos
262 1901 441 1971 informare
472 1898 644 1992 cogimur,
674 1899 694 1968 i.
725 1923 752 1967 e.
782 1898 830 1986 si,
857 1898 984 1970 sublata
1012 1903 1072 1970 Dei
1102 1903 1161 1972 in·-

174 2022 321 2104 finitate,
359 2025 497 2098 ,Numen
544 2042 739 2113 supremum
777 2026 935 2114 temporis
982 2027 1153 2116 spatum
1212 2059 1216 2065 ·

172 2141 333 2238 angustiis
369 2136 574 2223 includitur,
603 2151 676 2204 tum
712 2136 845 2230 quidem
882 2138 993 2209 doceri
1021 2156 1153 2235 potest,
1240 2199 1241 2203 ,

172 2261 263 2333 illam
297 2255 570 2326 necessitudinem
602 2279 671 2324 esse
697 2279 826 2351 posse,
858 2257 914 2328 sed
942 2261 1076 2334 nomine
1099 2287 1171 2332 re·-

173 2380 274 2467 licto,
299 2380 368 2474 ipse
394 2382 481 2444 Deus
508 2372 648 2445 tollitur.

174 2574 177 2579 ,
222 2500 286 2572 Sed
334 2497 490 2583 sortasse,
533 2492 590 2563 illa
628 2495 832 2566 necessitudo
861 2503 1018 2591 possitne
1059 2525 1152 2592 esse,

171 2619 298 2692 inutilis
334 2617 483 2686 rideatur
523 2612 711 2710 disputatio.
761 2615 794 2686 Si
834 2616 923 2685 enim
967 2619 1050 2688 ratio
1090 2620 1151 2692 do-

172 2755 267 2824 ceat,
304 2723 376 2806 eam
421 2760 457 2802 re
490 2757 576 2804 nera
619 2734 783 2821 existere,
826 2734 970 2804 dubitari
1010 2742 1149 2832 nequit,

93 2951 98 2975 ι
173 2863 255 2959 quin
284 2857 421 2928 existere
445 2860 569 2952 possit
620 2853 721 2950 Atqui
750 2855 814 2924 hoc
841 2854 951 2949 ipsum
977 2861 1150 2952 quomodo

174 2982 307 3054 tandem
334 2977 418 3059 ratio
446 2974 744 3044 demonstraverit?
791 2974 863 3045 Sive
886 2977 973 3045 enim
1000 2980 1040 3046 ad
1065 2981 1151 3078 phy.

171 3104 272 3174 sicam
305 3113 430 3168 naturae
457 3096 611 3165 humanae
638 3095 879 3190 partem,‘sive
902 3095 943 3164 ad
969 3097 1145 3188 moralem,
1244 3127 1272 3160 a

175 3222 231 3293 illa
254 3217 458 3290 necessitudo
485 3217 665 3303 referatur,
691 3241 743 3285 res
773 3238 842 3284 non
864 3217 949 3286 cadit
976 3217 1011 3306 in
1034 3245 1150 3294 sensus

171 3369 234 3414 nec
268 3341 443 3435 quisquam
476 3362 547 3408 eam
583 3336 725 3431 experiri
753 3350 870 3431 potest.
920 3344 1056 3434 Itaque,
1088 3343 1149 3437 qui
1197 3358 1199 3366 '

69 3468 70 3471 ’
172 3465 290 3534 docere
314 3457 406 3546 vult,
428 3459 564 3528 existere
587 3453 675 3527 illam
707 3457 767 3527 Dei
794 3473 827 3529 et
858 3459 995 3529 humani
1018 3466 1147 3556 generis

172 3580 459 3676 conjunctionem,
478 3577 506 3646 is
533 3602 604 3646 earn
626 3593 770 3647 remant
789 3604 813 3647 a
830 3586 941 3673 priori
950 3636 960 3670 ,
982 3596 1020 3649 ut
1038 3583 1147 3674 ajunt,

173 3703 333 3775 conficere
359 3699 475 3784 debet,
490 3702 559 3765 ‘aut
584 3698 731 3786 efficere,
748 3704 825 3768 'eom
853 3726 923 3770 esse
954 3700 1070 3770 mundi
1095 3725 1148 3773 re.

67 3846 75 3856 ’
174 3845 317 3918 rumque
350 3820 572 3891 humanarum
597 3818 797 3908 rationem,
835 3845 908 3915 qua
946 3816 1084 3919 intelligi
1113 3835 1148 3901 ct
