2678 4584
277 341 279 346 '
355 359 412 405 nr
454 326 935 407 MYSTICISMO.
1063 338 1137 410 ar}

81 538 84 545 '
158 524 387 616 tractaverint,
420 526 668 600 innumerabilis
703 529 779 598 sint.
829 530 944 623 Neque
978 533 1043 598 ncs‘
1069 531 1137 601 hoc

156 646 230 717 loco
254 662 322 716 tarn
347 647 381 716 id
403 649 552 742 agimus,
577 663 615 718 ut
642 630 891 745 'philosophum
912 648 1140 744 reprehenda--

156 791 258 854 mus,
293 768 384 862 quod
414 770 574 838 rationem
609 782 821 854 contemnat,
859 792 960 870 qnam
993 769 1107 864 potius
1122 784 1139 857 ,'

159 887 251 982 quod
276 887 309 955 iu
334 889 404 982 ejus
427 883 539 959 locum
573 888 750 958 substituat
774 887 989 985 phantasiam.
1040 895 1141 966 Merra

107 1005 120 1058 ,·
157 1021 282 1075 temet
305 1007 536 1100 cogitationem
569 1033 750 1105 parumper
780 1034 799 1078 a
829 1008 1031 1104 SclreHr’ngtb
1055 1035 1138 1079 avo-

157 1150 290 1214 cemus,
323 1141 422 1222 atqne
458 1129 622 1222 fingamus
657 1129 702 1199 ita
736 1129 832 1199 nobis
875 1129 1024 1216 narrari,
1068 1153 1143 1200 esse

156 1243 299 1339 atquem
340 1243 608 1341 philosophum,
644 1247 704 1342 qn
740 1244 907 1342 religionis
953 1226 1141 1318 doctrinm
1200 1272 1202 1277 s

85 1450 86 1454 Ἰ
155 1364 282 1435 ratione
318 1366 472 1462 cognosci
504 1390 600 1461 posse
633 1380 741 1462 neget.
792 1374 864 1438 Hoc
888 1366 916 1436 si
940 1368 1036 1437 uobis
1060 1393 1141 1436 nar-

157 1499 308 1572 raretur,
339 1485 499 1554 continno
533 1485 822 1575 existimaremus,
858 1485 906 1559 itli
936 1468 1153 1587 philosopho,

159 1626 293 1671 omnem
322 1601 516 1698 religionem
547 1604 728 1692 incertam,
760 1593 896 1677 sortasse
930 1607 1028 1676 etiam
1053 1631 1144 1676 com·

157 1722 366 1811 menticiam,
397 1723 511 1793 videri.
548 1725 646 1814 Quod
681 1726 710 1796 si
741 1724 787 1797 ita
822 1725 863 1794 ad
889 1750 951 1796 nos
975 1727 1143 1822 perferre·
1219 1760 1223 1772 ·

158 1857 243 1929 tur,
269 1843 299 1911 ei
333 1840 563 1939 philosopho,
594 1843 656 1914 etsi
692 1845 854 1917 rationem
890 1844 988 1916 nihili
1023 1845 1140 1934 faciat,

157 1977 269 2032 tamen
300 1962 342 2031 de
376 1960 545 2058 religionis
568 1964 706 2034 ueritate
728 1950 1018 2062 persuasissimum
1043 1991 1142 2052 esse3

157 2065 415 2170 arbitraremur,
444 2106 630 2155 sermonem
661 2072 732 2155 esse
766 2085 808 2154 de
840 2082 999 2179 religione
1022 2066 1141 2157 ιῖίνὶηἰ·

157 2217 211 2271 trrs
223 2203 430 2297 patefacta,
455 2228 530 2298 quae
559 2205 658 2274 Sacro
689 2202 803 2300 aliquo
835 2206 953 2276 Codice
987 2207 1141 2275 contine·
1209 2292 1216 2310 .

156 2336 260 2391 retur.
308 2320 342 2391 Si
370 2335 405 2390 et
432 2321 497 2390 hoc
527 2337 724 2417 negaretur,
755 2325 978 2418 acciperemus
1002 2330 1148 2410 antem,

156 2464 256 2511 omne
292 2440 512 2535 persuasionis
545 2421 792 2512 firmamentum
829 2443 870 2511 ab
906 2467 948 2512 eo
984 2444 1065 2538 poni
1103 2445 1138 2511 in

148 2558 378 2660 phantasia,
429 2575 637 2655 stuperemns
678 2561 862 2657 profecto,
904 2544 970 2633 nec
1013 2553 1144 2633 tantam

157 2682 335 2752 amentiam
358 2679 400 2771 gin
431 2704 643 2776 quenquam,
668 2681 792 2753 nedum
816 2682 851 2751 in
876 2681 1141 2778 philosophum,

158 2802 271 2872 cadere
309 2825 436 2896 posse,
465 2801 699 2914 judicaremus.
761 2799 854 2872 Nihil
890 2815 1000 2872 autem
1036 2782 1147 2896 magis'

71 2992 75 3008 ,
159 2917 369 3016 optaremus,
401 2935 501 3016 quarn
533 2936 571 2991 ut
604 2920 660 2993 itta
689 2921 850 2992 sententia
883 2921 1011 2992 deserta
1033 2936 1140 3012 esset,

160 3066 198 3110 ac
220 3039 330 3110 nullos
354 3046 513 3135 patronos
538 3043 789 3112 nancisceretur.
838 3039 922 3128 Quis
947 3039 1037 3110 enim
1060 3050 1148 3113 nea-³

158 3162 225 3248 cit,
248 3161 284 3228 in
304 3159 403 3228 omni·
419 3160 555 3256 negotio
583 3158 672 3231 nihil
687 3157 922 3255 ⁴periculosius
947 3165 1017 3232 esre
1041 3161 1147 3233 estre-u

155 3281 232 3349 nata
270 3277 463 3372 phantasia,
499 3303 574 3376 quae
623 3278 761 3350 rationis
796 3278 974 3375 imperium
1008 3280 1139 3354 detrec-

158 3413 205 3470 tet
232 3397 317 3494 (t)?
365 3405 406 3468 Et
438 3401 596 3494 quoniam
626 3396 833 3497 religionem*
842 3401 961 3496 poesin
978 3422 1054 3472 esse
1077 3420 1149 3472 vo-·

158 3518 256 3608 lunt,
279 3515 362 3614 {quis
397 3533 549 3625 nostrum
583 3533 715 3617 poetam
749 3522 855 3608 ferat,
881 3520 975 3617 cujus
998 3522 1144 3617 phanta-

198 3903 234 3972 (ἲ)
253 3903 401 3957 R‘ifllm
410 3940 417 3969 2
439 3904 515 3973 Stat.
530 3902 580 3957 der
594 3901 657 3966 eh·
670 3904 766 3962 aton
777 3934 797 3970 ,·
807 3905 885 3959 wear.
900 3897 971 3974 ίῳ.
981 3904 1044 3978 ⁴7⁴
1059 3920 1153 3974 Ἢν..
