2678 4584
128 280 208 373 ιβιδ
335 286 914 360 .ΒἸ.5ΡΠῊΤῙΟ·

131 476 219 549 tutis
249 477 492 567 adhibeantur;
525 482 583 554 aed
618 497 731 578 potest
760 483 858 554 etiam
883 496 956 554 suo·
974 483 1124 580 quodam

133 597 210 695 jure
243 601 284 670 ab
319 601 384 672 boc
421 604 556 698 negotio
587 603 761 679 abstinere.
794 603 881 674 ¹Sed
916 603 983 674 sive
1013 603 1127 699 aliqum

136 717 241 810 bujus
264 723 389 816 negotii
413 747 490 816 pars
514 722 556 792 ad
586 724 746 795 rationem
766 723 949 818 pertineat,
969 723 1037 793 sive
1054 742 1126 794 non

134 840 319 935 pertineat,
354 840 437 911 iilud
469 843 604 938 quidem
636 843 807 913 verissime
831 843 895 912 dici
919 856 1051 937 potest,
1075 868 1130 912 ra-
1166 842 1174 868 ¹

138 959 268 1030 tionem
299 961 431 1052 solam,
463 988 524 1032 nec
548 988 646 1034 sensu
670 963 838 1054 adjutam,
863 977 922 1032 aut
945 963 1026 1032 buic
1049 987 1127 1033 mu»

139 1080 214 1151 neri
248 1107 317 1152 non
341 1083 511 1170 sufficere,
536 1099 687 1154 autnon
711 1083 815 1154 solere
838 1083 997 1153 sufficere.
1047 1083 1126 1153 Sola

138 1190 229 1272 enim
263 1201 293 1273 si
327 1204 514 1293 sufficeret,
548 1204 623 1300 quis
659 1205 791 1275 tandem
816 1203 942 1274 videret
965 1190 1125 1291 meliora,

136 1323 377 1420 probaretque,
406 1326 571 1396 deteriora
603 1324 822 1421 sequeretur?
846 1323 946 1396 Aliud
971 1324 1124 1420 profecto

135 1443 315 1538 quidest,
339 1449 541 1543 intellegere,
567 1445 675 1533 aliud,
701 1471 841 1532 eorum,
865 1470 940 1540 quas
964 1442 1128 1515 intellecta

142 1580 242 1655 aunt,
275 1568 344 1637 vim
375 1593 413 1638 ac
448 1569 670 1663 praestantiam
706 1572 751 1636 ita
780 1574 922 1655 sentim,
947 1579 985 1635 ut
1009 1562 1129 1658 aliquis

130 1684 223 1756 'inde
259 1688 392 1759 virtutis
434 1690 562 1760 fructus
612 1690 778 1784 gignatur.
829 1687 892 1756 Sed
927 1686 978 1755 sac
1017 1685 1130 1755 solam

142 1807 308 1879 rationem
331 1810 547 1881 theoreticam
570 1836 679 1906 posse
701 1809 852 1880 animum
878 1808 944 1894 ita,
970 1821 1009 1876 ut
1032 1830 1130 1900 opor·

142 1939 229 2015 teat,
254 1928 401 1999 afficeret
427 1930 469 1999 ad
494 1955 625 2001 causum
651 1945 798 1999 nostram
823 1926 1036 1997 obtinendam
1051 1924 1130 1997 satis

80 2041 82 2047 ¹
145 2069 218 2118 esse
249 2048 429 2138 ducimus,
465 2075 599 2122 sensum
632 2051 753 2119 rationi
782 2071 1000 2133 succurrere,
1034 2046 1132 2140 eique

145 2165 235 2239 viam
265 2169 307 2238 ad
330 2169 479 2239 animum
504 2169 683 2239 faciliorem
708 2165 957 2261 planioremque
982 2162 1130 2241 reddere,

147 2285 289 2358 Obviam
324 2288 350 2358 it
366 2338 369 2345 .
383 2289 503 2359 rationi
540 2312 672 2375 sensus,
705 2287 769 2357 iter
796 2285 837 2355 ad
866 2285 1016 2356 animum
1039 2309 1133 2355 mor»

146 2421 251 2496 strat,
290 2433 362 2480 eam
402 2410 597 2497 comitatur,
631 2408 744 2495 ducit,
779 2419 956 2493 sustentat,
992 2406 1132 2500 accipit,

146 2528 229 2624 quae¹
253 2526 309 2600 illa
339 2530 455 2600 tradit:
487 2544 586 2625 atque
610 2528 674 2599 hac
699 2525 874 2621 utriusque
897 2524 1133 2614 conjunctione
1246 2574 1248 2579 -

145 2649 311 2738 efficitur,
342 2667 398 2740 ut,
413 2649 501 2720 elisis
526 2648 682 2745 nequitiae
704 2648 885 2742 stirpibus,
911 2645 991 2715 recti
1014 2647 1133 2714 bones·

147 2769 243 2864 tique
276 2772 402 2841 semina
436 2771 554 2840 animis
591 2770 795 2857 inserantur,
834 2765 924 2835 unde
954 2762 1133 2861 aliquando

146 2889 293 2987 perfecta
317 2892 423 2962 virtus
446 2890 638 2961 efflorescat.

476 3136 829 3170 m

201 3318 335 3426 Habetis
358 3379 489 3442 meam,
514 3350 737 3424 Eruditissimi
761 3347 850 3436 Viri,
872 3346 914 3416 de
936 3355 1138 3440 argumento

153 3501 175 3546 a
207 3479 308 3548 Vobis
346 3477 388 3546 ad
426 3475 694 3571 disceptationem
729 3470 866 3566 posito,
912 3463 1136 3547 sententiam,

155 3623 256 3694 quam
292 3597 425 3693 quidem
458 3596 503 3665 ita
533 3621 587 3665 me
612 3591 809 3690 explicuisse
834 3587 998 3672 arbitror,
1023 3596 1081 3666 ut,
1108 3579 1137 3648 si

36 3730 42 3741 ’
158 3717 291 3815 quando
316 3716 427 3813 lapsus
453 3717 536 3803 sim,
563 3731 650 3785 certe
670 3738 739 3784 non
764 3736 823 3807 per
848 3706 1060 3803 cupiditatem
1080 3713 1139 3768 aut

157 3864 219 3938 per
241 3839 334 3936 ejus,
358 3864 459 3936 quam
477 3862 615 3935 sequor,
637 3833 739 3932 partis
763 3852 886 3903 caecum
906 3824 1052 3898 studium
1068 3817 1142 3943 laps
