2678 4584
384 306 443 355 nr
480 281 969 358 nusum-Istat).
1122 286 1168 361 lit

232 479 304 552 sad
326 478 397 548 haec
419 479 586 565 hactenus.
637 484 709 549 Hoc
732 500 840 547 unum
856 475 1065 567 volebamus,
1083 474 1176 574 quod
1197 551 1202 561 ,

184 616 228 672 <et
252 627 303 671 res
327 604 396 696 ipsa
419 599 515 692 docet
538 613 571 668 et
595 597 734 668 historia
757 595 921 684 declarat,
944 595 1115 668 laborante
1139 606 1184 669 et'

194 722 230 791 in
257 721 349 816 pejus
373 734 489 788 ruente
510 717 679 814 religionis
700 741 814 805 causa,
838 717 874 786 in
892 740 1014 788 eorum
1039 717 1183 807 animis,

133 848 145 857 ”
194 841 255 936 qui
283 865 355 910 eam
386 838 509 910 salvam
538 863 609 909 esse
639 838 800 933 cupiunt,
824 858 958 907 sensum
982 835 1186 933 religiosum·

195 958 442 1047 vehementius,
468 980 568 1052 quam
587 956 681 1046 alias,
706 971 740 1027 et
762 973 932 1052 tamquam
956 954 1092 1028 vulnere
1116 931 1203 1028 re-t'x

189 1102 272 1148 oens
297 1078 440 1166 inflicto,
463 1077 668 1153 commoveri,
686 1091 721 1147 et
743 1075 878 1148 excimri
910 1075 1036 1166 solere,
1054 1067 1115 1147 ita*
1133 1088 1188 1149 an

78 1285 83 1292 .
188 1202 266 1286 ejus
296 1198 364 1268 vim
393 1221 431 1268 ac
455 1197 602 1290 vigorem
624 1196 787 1282 vividius,
812 1196 920 1266 ut-ita
942 1196 1069 1284 dicam,
1094 1214 1185 1293 per-1

196 1318 346 1413 cipiant-
378 1316 621 1388 Declaravimus
651 1317 749 1386 etiam
781 1316 1056 1411 quodammodo,
1087 1341 1185 1412 quo-·

197 1438 299 1508 modo
330 1437 403 1507 fieri
431 1437 603 1523 debuerit,
623 1450 666 1505 ut
691 1450 803 1505 nostra
826 1449 920 1505 aetate
939 1435 977 1517 in
1000 1435 1185 1506 defendam·
1265 1450 1268 1455 ’

197 1557 240 1626 da
266 1554 424 1650 religione
447 1553 567 1624 sennis
589 1554 766 1625 auctoritas
789 1555 831 1624 ab
853 1555 943 1625 haud
965 1556 1079 1651 paucis
1100 1572 1187 1626 maa·5
1266 1557 1270 1560 ’

198 1676 269 1770 gis,
305 1699 405 1771 quam
436 1672 514 1744 alias
537 1672 683 1758 solebat,
708 1687 884 1768 urgeretur
907 1689 941 1755 et
963 1675 1188 1745 commenda·¹
1277 1760 1279 1775 ἡ

197 1811 301 1866 retur.
351 1792 520 1865 Subtiliter
539 1793 722 1863 admodum
746 1792 881 1888 antiqua
903 1791 1071 1888 religionis
1095 1787 1188 1865 doc-⁴
1273 1780 1276 1791 ¹

196 1917 285 1986 trina
315 1928 505 2009 oppugnata
535 1913 665 1998 fuerat,
702 1926 737 1982 et
767 1913 877 1990 adhuc
912 1909 1181 2010 oppugnabattmss

195 2043 308 2124 Quem
325 2035 485 2128 impeturn
497 2058 574 2102 curn
590 2058 691 2112 unam
709 2033 869 2104 rationem
881 2033 1095 2115 theoreticam
1112 2058 1183 2108 sus·

191 2157 305 2225 tinere
325 2181 421 2250 posse
437 2154 589 2224 homines
608 2153 812 2242 diffiderent,
835 2167 995 2224 ettamen
1012 2153 1188 2260 religionis⁸

190 2301 331 2346 causam
356 2275 551 2345 sanctiorem
576 2297 646 2342 esse
664 2273 871 2363 judicarent,
897 2298 997 2369 mam
1021 2289 1060 2344 ut
1083 2284 1192 2365 eam,
1296 2331 1298 2336 s

153 2467 156 2469 ,
193 2410 370 2489 tamquam
403 2393 548 2488 praedam
572 2390 752 2486 aliquam,
782 2391 974 2464 adversariis
1011 2392 1181 2490 relinque-
1260 2475 1265 2485 θ

196 2530 295 2603 rent,
324 2519 468 2583 rationes
501 2512 660 2582 damnum
688 2535 791 2580 sensu
813 2497 968 2581 resarcire
991 2511 1181 2586 voluerunt.

251 2640 459 2728 Quamquam
483 2647 595 2702 autem
614 2656 671 2718 ea,
691 2655 795 2726 quam
813 2626 1183 2722 memoravimus,cau-

195 2779 239 2825 sa
262 2751 406 2822 multum
431 2750 558 2821 valebat
581 2750 821 2827 adhominum
848 2750 1079 2848 religiosorum
1100 2780 1183 2825 sene

199 2899 279 2944 sum
313 2871 611 2959 commovendum,
635 2886 769 2962 tamen,
791 2872 854 2942 nisi
878 2875 953 2959 alcia
977 2875 1075 2943 etiam
1100 2899 1191 2944 cata-¹

194 3019 247 3062 ..aa
271 2992 469 3079 accessisset,
496 3006 587 3061 tanta
610 2991 790 3091 commotio
813 3006 967 3060 secutura
990 2992 1089 3062 fuisse
1112 3018 1183 3066 non

199 3112 344 3182 videtur.
394 3110 521 3182 Scilicet
551 3112 780 3181 universarum
805 3111 978 3180 nationum
999 3137 1041 3182 ac
1065 3113 1185 3210 singu·
1250 3186 1251 3207 ἶ

197 3230 313 3302 lorum
345 3231 522 3301 hominum
546 3230 659 3300 eadem
683 3244 733 3300 est
757 3229 850 3299 ratio.
901 3230 973 3300 Etsi
992 3231 1084 3302 enim
1107 3231 1184 3304 nul·

199 3349 235 3420 da
265 3353 340 3420 vitae
370 3376 446 3446 pars
464 3364 545 3438 est,
578 3347 671 3419 nulla
692 3365 905 3421 externarum
929 3375 1043 3423 rerum
1065 3353 1187 3424 condi-

99 3521 104 3527 ·
197 3472 269 3558 tio,
300 3475 388 3566 quin¹
413 3469 527 3564 religio
562 3495 692 3566 semper
720 3468 833 3565 magni
862 3470 920 3540 fiat
948 3471 1073 3560 abiis,
1097 3498 1188 3568 quo-

198 3617 282 3662 rum
315 3591 443 3660 animos
477 3589 577 3661 semel
617 3589 856 3686 occupaverit,
899 3590 1041 3660 incidere
1076 3606 1187 3665 tamen

196 3726 366 3807 tempora
387 3724 544 3806 possunt,
580 3710 703 3804 quibus
734 3708 984 3780 saluberrimam
1019 3709 1187 3807 religionis

112 3811 114 3820 ’
201 3831 272 3932 pini
302 3831 411 3931 magis
436 3831 563 3920 etiam,
595 3854 696 3928 quam
720 3828 821 3935 alias,
845 3830 1036 3908 sentiamus.
1085 3840 1211 3906 Tem-.
