2678 4584
176 301 249 420 276
429 318 889 390 ursrurarto

68 589 73 600 ,
154 514 248 588 'tam
271 523 344 585 esse
368 510 404 584 iu
428 525 552 581 natura
577 511 738 581 humana.
787 517 858 581 Hoc
888 507 975 582 enim
1003 500 1153 605 volunt,‘

176 635 268 731 quod
298 634 367 728 ipsa
395 654 527 726 quoque
557 631 655 702 verba
684 629 867 733 declarant,
901 655 972 701 eam
1006 658 1147 726 persua·

177 754 304 827 sionem
347 773 415 821 esse
456 752 548 821 omni
584 749 793 825 meditatione
826 754 865 818 'ac
899 751 1148 823 ratiocinatione
1184 805 1190 809 -

176 874 334 962 majorem
371 865 433 964 (e).
483 876 590 964 Atque
624 877 711 939 'recte
746 873 790 938 ita
813 865 951 956 docent,
976 872 1075 940 modo
1100 870 1149 940 it-

175 990 242 1062 lam
267 990 509 1086 persuasionem
527 989 569 1059 ne
586 1010 662 1058 eum
680 987 837 1082 religione
854 989 1055 1058 confundant
1074 990 1146 1083 (f).

177 1112 244 1201 Qui
274 1124 383 1179 autem
414 1123 588 1204 utramque
617 1114 687 1177 rem
721 1107 805 1177 idem
830 1107 1008 1200 significare
1031 1109 1152 1178 existi-

176 1241 290 1316 mant,
315 1227 360 1299 ita
384 1227 449 1298 lere
473 1226 655 1322 explicant,
680 1250 751 1296 eam
775 1251 844 1296 esse
867 1227 1000 1297 rationis
1022 1228 1149 1298 huma-

176 1367 229 1419 nae
264 1345 428 1432 indolem,
465 1361 504 1416 ut
533 1347 574 1414 ab
609 1345 846 1435 hujusmundi
871 1346 1147 1442 contemplatione

176 1464 272 1536 facile
292 1491 329 1535 ac
353 1490 412 1535 sua
445 1479 561 1562 sponte
591 1465 704 1533 efferat
733 1490 767 1534 se
799 1465 839 1534 ad
873 1491 1001 1536 causam
1024 1466 1145 1538 mundi

175 1583 381 1680 cogitandam
410 1583 469 1679 (g).
519 1581 636 1654 Recte!
661 1584 716 1653 sed
735 1584 802 1679 jam
828 1585 889 1680 ipsi
913 1601 1063 1657 evertunt
1086 1586 1143 1675 id,

174 1705 265 1801 quod
296 1703 432 1789 volunt,
466 1703 731 1800 persuasionem,
760 1729 832 1773 esse
862 1708 1020 1775 naturam
1054 1705 1145 1775 divi·
1224 1772 1227 1777 ,

175 1847 281 1910 nam,
305 1810 525 1917 antiquiorem
559 1845 627 1891 esse
656 1822 748 1892 omni
780 1823 1032 1895 ratiocinatione.
1080 1824 1146 1895 ui·-

175 1943 259 2012 titur
293 1940 383 2010 enim
415 1939 470 2010 illa
505 1941 657 2012 Numinis
690 1941 842 2036 cogitatio
877 1940 1144 2033 ratiocinatione,

175 2085 245 2131 non
270 2058 383 2129 subtili
408 2060 540 2152 quidem
565 2058 620 2130 illa
651 2084 688 2129 ac
709 2060 928 2146 Reimariana,
954 2062 1009 2129 sed
1032 2076 1143 2132 tamen

176 2178 311 2248 rationis
345 2176 494 2266 judicio,
528 2201 596 2244 esse
637 2177 706 2245 sine
745 2201 839 2246 causa
872 2179 1034 2249 mundum
1073 2205 1143 2251 nou

174 2304 294 2394 posse,
332 2292 409 2389 quia
441 2306 518 2365 esse'
540 2292 626 2364 nihil
664 2296 786 2391 possit,
816 2295 879 2366 nisi
913 2288 996 2367 adsit
1032 2299 1141 2385 ratio,

180 2428 188 2463 s
460 2426 463 2431 ,

182 2543 1145 2582 m·

212 2736 255 2803 (el
269 2736 298 2786 J.
316 2735 353 2788 A.
370 2734 408 2786 H.
431 2733 593 2798 Tittmann,
619 2731 684 2784 iiber
712 2735 1019 2804 Supranaturaliemue,
1036 2738 1145 2797 Ratio-

177 2830 314 2881 rtaliamua
331 2828 389 2878 und
404 2826 580 2888 Atheiemue,
597 2843 626 2894 p.
647 2827 680 2876 14
697 2843 757 2894 sqq.

213 2922 262 2994 (s)
283 2918 420 2974 Sententia
447 2919 514 2982 illa,
541 2918 702 2988 religionem
730 2919 760 2967 in
777 2928 879 2970 natura
898 2919 1019 2970 humana
1029 2921 1143 2991 fundo-

176 3024 234 3067 tam
253 3030 328 3076 eece,
348 3014 421 3064 varie
440 3020 479 3063 est
496 3030 510 3061 a
529 3011 612 3065 variis
637 3010 762 3077 explicita
789 3018 816 3062 et
832 3019 956 3063 tractata.
992 3011 1056 3064 vid.
1075 3031 1144 3082 quot

175 3120 255 3175 cupra
272 3105 455 3169 laudavimus,
469 3122 537 3176 pag.
556 3123 598 3157 20.
622 3103 694 3156 Nota
715 3103 767 3172 (t).
1135 3168 1138 3175 ¹

120 3247 124 3254 .
213 3198 264 3268 (g)
283 3196 347 3249 vid.
368 3199 521 3264 praeclarum
546 3197 709 3249 Aristotelia
726 3197 814 3248 locum
831 3195 900 3264 apud
920 3198 975 3249 otc.
993 3197 1028 3251 N.
1047 3197 1083 3249 D.
1103 3198 1146 3253 II.

179 3291 245 3360 Cap.
264 3289 305 3359 37.
343 3288 423 3342 Nihil
441 3287 486 3341 hic
507 3290 602 3342 attinet
626 3290 785 3358 exquirere,
813 3297 901 3340 utrum
923 3290 1016 3342 mnndi
1035 3303 1145 3348 ornatus

178 3392 206 3438 et
223 3381 398 3450 pulcritudo,
428 3400 461 3433 an
487 3399 551 3434 vero
577 3399 666 3434 rerum
684 3390 709 3433 et
727 3398 861 3432 causarum
888 3384 1048 3434 naturalium
1065 3386 1146 3453 iguo-

174 3476 251 3528 -ratio
269 3473 338 3542 apud
357 3482 446 3542 gentes
465 3476 578 3526 incultae
595 3473 731 3542 pepererit
748 3474 872 3526 Numinis
891 3475 978 3526 divini
996 3477 1145 3545 cogitatio-

175 3584 262 3620 nem:
292 3566 365 3635 quod
395 3567 527 3632 posterius
554 3570 640 3619 voluit
670 3568 792 3619 Heinere
816 3569 835 3619 l.
862 3586 886 3620 c.
911 3585 952 3638 17.
984 3577 1146 3637 repugnante

160 3662 346 3731 ⁴tqltaudlino,
375 3662 461 3711 Ideen
484 3677 533 3710 zur
559 3660 652 3712 Kritik
681 3660 729 3710 dee
755 3665 873 3728 Syateme
898 3662 947 3712 der
976 3662 1036 3712 Otr.
1052 3661 1144 3730 Relig.

173 3771 207 3824 p.
226 3757 266 3803 18.
292 3752 341 3804 Est
364 3753 503 3821 utriusque
528 3753 663 3806 sententia
682 3753 754 3804 idem
779 3754 996 3821 fundamentum,
1024 3749 1096 3806 nihil
1113 3754 1145 3808 in

175 3857 268 3902 terum
284 3854 380 3899 natura
397 3854 501 3900 entare
517 3862 593 3917 potae
610 3847 667 3902 sine
684 3864 772 3901 cama.
