2678 4584
365 222 958 348 'naurs'riclsuu
1110 256 1165 355 '65-

172 456 378 564 quamquam
405 495 465 564 per
487 468 620 564 aliquod
645 483 777 564 temptas
802 469 843 538 ab
865 471 990 542 amissae
1018 472 1155 555 liberta-

172 591 219 658 tis
236 591 432 684 cogitatione
459 603 603 659 mentem
629 614 764 660 avocare
788 615 855 659 non
879 615 1076 684 possumus,
1103 574 1157 663 tass

177 735 277 794 men,
305 735 384 778 cum
411 707 538 777 nullam
562 709 633 804 ejus
663 709 894 802 recuperanda
924 735 1017 806 spem
1054 712 1160 783 relin-

173 830 255 923 qui,
277 854 337 899 nec
363 827 476 898 dolore
502 829 679 922 quiequam
706 829 822 921 profici
848 827 1078 922 intelligimus,
1099 833 1157 927 ip-

179 973 215 1018 sa
239 949 368 1017 tandem
395 948 621 1042 desperatione
650 948 800 1040 cogimur
823 972 956 1038 ornnem
981 953 1157 1045 cogitatio-

177 1067 314 1135 nemin
339 1061 578 1160 nosmetipsos
607 1080 818 1153 convertere,
845 1082 946 1161 atque
981 1072 1156 1141 nobiscum

180 1185 257 1257 solis
279 1187 409 1257 versari.
460 1192 499 1254 In
521 1189 607 1255 hane
633 1200 743 1255 autem
766 1184 977 1256 solitudinem
999 1213 1075 1258 cum
1102 1215 1157 1271 se-

180 1304 246 1375 mel
273 1331 388 1376 sumus
421 1288 601 1401 compulsi,
627 1320 665 1374 ut
697 1305 857 1399 cujusque
892 1295 1024 1378 indoles
1058 1324 1160 1403 atque

178 1450 288 1495 mores
323 1426 453 1511 serunt,
485 1425 530 1493 ita
560 1420 685 1494 doloris
718 1425 976 1516 magnitudinem
1005 1427 1159 1498 consola-

179 1560 245 1614 tur.
281 1542 345 1614 Alii
361 1545 401 1613 ad
415 1543 524 1614 literas
537 1563 574 1613 ac
588 1542 830 1638 philosophiam
849 1568 883 1612 se
899 1544 1062 1640 applicant
1073 1546 1157 1642 (y),

179 1663 235 1732 alii
264 1689 282 1730 a
307 1661 471 1756 ‚religione
503 1661 624 1732 doloris
654 1663 851 1732 medicinam
887 1678 1014 1757 petunt.
1072 1672 1156 1734 Om-

179 1785 276 1852 nium
296 1798 407 1851 autem
423 1782 539 1851 animis
566 1783 684 1852 insidet
705 1797 804 1876 atque
826 1782 954 1852 infusus
977 1798 1024 1852 est
1054 1785 1158 1854 tristis

180 1903 315 1996 quidam
343 1926 470 1973 sensus:
494 1927 610 1971 omnes
630 1901 797 1999 molestia,
822 1917 992 1996 tamquam
1010 1905 1158 1998 pondere

178 2022 310 2118 aliquo,
328 2037 547 2116 premuntur,
573 2037 606 2091 et
631 2047 830 2116 quamquam
857 2023 963 2093 brevis
988 2024 1159 2095 interdum

176 2145 281 2212 anim-i
308 2141 460 2212 relaxatio
481 2167 551 2210 esse
576 2156 705 2236 potest,
732 2142 774 2209 ad
798 2167 917 2235 puram
938 2136 976 2211 'et
1000 2159 1157 2213 constan-

178 2277 246 2331 tem
278 2262 474 2332 hilaritatem
502 2262 625 2353 erigere
648 2286 681 2329 se
707 2286 775 2329 non
802 2277 951 2355 possunt.
1001 2265 1101 2357 Atqui
1127 2265 1159 2344 si

178 2383 248 2476 ipsa
278 2381 421 2451 solitudo
448 2381 517 2473 jam
544 2381 642 2448 habet
670 2378 813 2471 aliquam
842 2381 882 2448 ad
914 2382 1157 2474 Mysticismum

93 2494 99 2503 ’
176 2499 531 2596 appropinquationem
566 2495 639 2595 (z),
671 2512 796 2590 quanto
823 2497 926 2591 magis
956 2500 1073 2569 habeat
1093 2527 1157 2570 ne·-

176 2645 267 2690 eesse
297 2635 365 2704 est,
396 2619 422 2686 si
451 2617 580 2686 accedat
611 2615 664 2684 illa
688 2617 789 2683 animi
816 2619 996 2687 contractio
1008 2672 1018 2703 ,
1055 2645 1157 2713 quam

179 2739 337 2808 libertatis
365 2737 496 2805 amissio
532 2736 636 2807 assent.
687 2736 748 2805 Sed
779 2760 886 2830 operae
914 2739 1059 2830 pretium
1088 2765 1158 2809 esse

178 2859 329 2945 uidetur,
355 2854 455 2951 paulo
484 2854 671 2950 diligentius
692 2856 733 2924 de
760 2860 852 2925 omni
871 2857 932 2925 hac
957 2883 1055 2927 eausa
1073 2860 1157 2928 scri-

179 2980 266 3047 bere.

233 3122 264 3166 1.
287 3103 334 3165 Ea
360 3111 412 3166 est
441 3095 616 3166 hominum
646 3109 784 3179 natura,
816 3108 965 3188 ut‚*quo
989 3093 1085 3189 plura
1117 3098 1158 3172 iis

100 3243 102 3246 ⁴
176 3218 384 3304 adimantur,
408 3241 447 3286 eo
476 3217 608 3311 majoris
635 3215 737 3283 lacere
757 3199 885 3283 soleant
910 3213 959 3299 id,
988 3217 1078 3309 quod
1101 3243 1158 3287 re-

178 3337 361 3430 linquatur.
419 3342 572 3432 Parentes
610 3334 771 3429 quidem,
808 3356 885 3402 cum
920 3335 992 3427 pari
1026 3337 1160 3408 caritate
1200 3428 1204 3435 ι

218 3675 272 3744 (y)
290 3673 352 3726 Haec
368 3680 429 3724 erat
448 3674 606 3738 Ciceronis,
628 3671 722 3723 amissa
739 3670 885 3736 libertate,
905 3673 1084 3744 consuetudo:
1101 3672 1161 3729 vid.

70 3807 75 3815 .
184 3769 256 3838 Epp.
275 3770 313 3818 ad
330 3767 433 3817 Famil.
453 3764 520 3816 Vll.
540 3771 590 3828 28,
611 3765 644 3815 35
662 3773 712 3816 eet.

218 3864 257 3933 (z)
275 3859 505 3934 Quenaadmodum
522 3861 602 3914 docet
619 3861 860 3914 Zimmermonnue
876 3857 925 3910 lib.
944 3858 991 3912 cit.

1048 3950 1069 4023 5
