2678 4584
238 253 241 259 ’
317 304 429 365 a:
476 292 961 381 urlsrrcrsno.
1082 300 1165 378 sor

76 532 87 561 t
179 484 355 562 communi
376 511 441 559 usu
467 485 625 585 loquendi
645 496 686 560 ut
704 503 776 560 atra
799 486 900 578 albis,
921 488 968 560 sic
990 487 1166 561 nemesius
1250 552 1253 561 ,

181 607 325 682 libertati
351 610 515 679 contraria
542 634 611 680 esse
636 624 799 681 censetur.
852 608 915 681 Sed
942 633 1064 703 operae·
1080 626 1164 703 pre*

104 811 105 815 Ἰ
182 729 270 800 tium
294 742 363 816 est,
392 728 492 824 hujus
511 725 671 801 libertatis
691 727 836 800 indolem
855 726 955 825 paulo
978 728 1167 799 accuratius

183 872 391 942 cognoscere.
441 848 474 919 si
504 848 574 921 haec
597 872 684 922 verm
703 864 755 920 est
785 851 940 920 humanae
953 880 955 885 ⁴
968 863 1097 943 naturae
1118 844 1168 919 li·:

182 970 311 1058 bertas,
323 995 389 1066 qua
402 985 532 1041 nosmet
554 971 617 1066 ipsi
638 970 866 1057 moderemur,
883 993 1018 1064 agamus
1037 982 1078 1039 ut
1092 965 1169 1064 ple-

183 1103 271 1177 caat,
302 1115 363 1160 nec
388 1105 522 1160 externa
549 1089 658 1185 aliqua
690 1090 881 1162 necessitate
912 1114 973 1160 nos
1001 1085 1081 1185 pelli
1104 1100 1170 1159 aue

183 1213 259 1304 cogi
296 1211 481 1306 patiamur,
509 1210 657 1281 omnino
678 1209 924 1304 quodammodo
949 1211 1036 1279 hanc
1060 1206 1166 1289 libera*
1201 1206 1209 1220 “

182 1343 285 1399 tatem
311 1331 457 1400 tribuere
484 1330 703 1424 Schelliuguas
729 1330 825 1400 nobis
843 1329 979 1402 vetetur.
1030 1328 1094 1398 Sed
1111 1332 1173 1400 ari·⁴

181 1448 282 1520 detur
311 1464 453 1520 tantum.
502 1448 629 1520 Scilicet
661 1475 739 1521 curn
774 1446 957 1519 naturalem
995 1446 1165 1544 quandam

181 1571 219 1638 in
250 1569 369 1656 nobis,
405 1570 427 1638 i.
452 1594 481 1638 e.
507 1571 708 1665 originalem
741 1569 952 1640 vitiositatem
986 1581 1169 1664 agnoscatq

182 1687 270 1758 hano
293 1687 401 1759 labem
429 1690 668 1786 nosmetipsos
685 1690 782 1761 nobis
801 1690 1000 1760 contraxisse
1021 1703 1168 1759 conten-

182 1807 233 1878 dit
259 1807 369 1880 la'berd
402 1811 558 1903 quadam
584 1827 620 1880 et
652 1809 853 1906 r'ntellr'gr'bt'la'
880 1825 1025 1879 acteone.
1085 1813 1169 1879 naa

181 1929 267 2000 actio
292 1928 385 2000 nihil*
399 1929 489 2001 aliud
512 1946 581 2020 est,
601 1957 703 2027 quam
726 1929 782 2000 illa
801 1931 846 1999 ab¹
864 1926 1026 2000 Absoluta
1048 1928 1165 2016 defic-
1226 1982 1228 1991 .

180 2055 248 2137 aab,
269 2049 309 2120 de
329 2076 396 2146 qua
418 2052 582 2147 superiori
606 2051 894 2148 Capite-diximus.
942 2050 1170 2144 Schella'ngiroe

181 2171 274 2243 enim
303 2197 376 2244 earn
405 2176 567 2244 actionem
599 2174 745 2269 priorem
772 2198 846 2263 esse
877 2187 911 2243 et
942 2173 1178 2268 antiquiorem

185 2291 300 2380 docet,
321 2318 422 2388 quam
445 2307 642 2387 presentem
666 2309 814 2363 nostram
831 2293 933 2363 vitam
953 2299 1167 2388 empiricam,

183 2411 206 2480 i.
233 2437 261 2482 e.
279 2414 564 2506 personalitatem
594 2426 759 2500 nostram,
791 2410 945 2504 illiusque
967 2411 1104 2480 actionis
1125 2410 1167 2479 li·¹
1231 2490 1239 2502 J

183 2531 344 2600 bertatem
372 2529 458 2600 nihil
484 2556 661 2601 commune
688 2531 809 2606 habere
833 2555 910 2600 curn
931 2555 968 2599 ea
992 2527 1168 2618 libertate,
1225 2576 1228 2580 -

152 2712 161 2721 ,,
182 2675 284 2745 quam
315 2651 433 2740 nohis,
465 2665 635 2746 tamquam
654 2656 838 2748 personas,
872 2651 1058 2720 tribuamus
1085 2649 1164 2745 (1)·

180 2776 297 2866 Itaque
327 2769 429 2841 libere
460 2773 667 2866 peccavimus
696 2786 893 2867 antequam,
922 2786 961 2843 ut
989 2795 1165 2866 persone,

180 2891 217 2960 in
245 2890 353 2960 lucem
375 2892 548 2961 ederemur
576 2893 693 2962 autin
723 2892 817 2962 cunis
842 2871 1038 2984 vag⁵iremus
1088 2896 1161 2962 Jam

179 3010 207 3081 si
227 3026 415 3106 quaeratur,
443 3012 612 3107 quomodo
634 3012 705 3082 fieri
718 3016 890 3108 pocaerr‘t,
917 3024 956 3079 ut
982 3011 1025 3079 ab
1048 3011 1159 3081 Abso-

215 3403 269 3476 (f)
293 3402 383 3456 Under
399 3405 450 3458 aas
474 3408 575 3470 Wesen
593 3407 643 3458 der
659 3406 789 3459 menrcdl.
808 3408 909 3477 Freyh·
922 3425 952 3478 p.
971 3407 1033 3479 47²·
1069 3423 1086 3457 s
1103 3405 1162 3460 Das

178 3515 195 3548 a
213 3497 405 3566 urspriinglioh
430 3505 495 3551 Bdre
519 3505 557 3552 im
573 3500 721 3554 Monseheu
738 3503 794 3567 ist,
813 3503 937 3572 obgleich
954 3504 992 3554 im
1011 3501 1097 3571 Bezug
1115 3502 1165 3555 auf
1175 3521 1177 3525 ·

177 3609 193 3642 ι
212 3593 260 3645 das
277 3593 374 3662 jetnige
392 3593 553 3662 empirische
570 3596 681 3661 Laba,
701 3614 767 3666 ganz
786 3614 840 3651 von
858 3597 906 3649 der
924 3597 1055 3666 l‘rcyheit
1073 3596 1162 3651 uneb-

175 3704 193 3736 ι
213 3687 333 3756 heingig,
352 3685 423 3739 doch
442 3688 472 3739 in
490 3689 591 3740 seincm
614 3687 760 3760 Ureprung
786 3692 863 3760 cigna
881 3689 974 3755 Thes,
994 3691 1049 3741 und
1067 3691 1167 3744 darum.

176 3797 192 3829 s
211 3783 292 3834 altein
310 3779 532 3852 urspriingliecha
550 3780 676 3839 Siinde.''
714 3781 794 3838 Cous.
815 3785 847 3838 da
870 3784 920 3837 hac
939 3785 1162 3840 sententiatim-

172 3878 244 3949 gelir'
263 3879 376 3934 Archiv.
397 3878 435 3933 11.
455 3897 480 3934 2.
494 3897 526 3954 p.
546 3877 607 3934 462.
