2678 4584
384 278 958 354 nnMYSTICISMO.
1090 275 1158 351 153
1264 377 1267 382 y

183 470 364 569 Scepticos,
393 485 534 542 veterent
557 448 654 541 illam
686 469 951 542 Academicorum
977 484 1160 542 consuetu.

182 591 293 662 dinem
325 592 568 687 quodammodo
605 593 842 679 instaurantes,
877 593 1154 677 Aenesidemnm,
1226 684 1229 689 y

183 719 387 807 Agrpipam,
406 713 642 798 Menodotum,
662 714 796 782 Sextum
815 716 1016 807 Empz'n'cnm
1026 763 1036 795 ,
1054 708 1159 779 alios?

183 837 253 901 lain
289 834 435 926 ipsorum
470 829 666 926 placitorum
692 830 949 901 convenientiam
973 829 1054 924 quid
1077 853 1160 924 per-

185 951 329 1046 sequar?
362 957 493 1019 Ceteros
516 976 558 1018 ne
577 974 896 1036 commemoremus,
919 955 1161 1038 Potamonem,

185 1068 415 1157 Ammom'nm,
444 1067 688 1165 Pomhymum,
715 1065 957 1156 Jamblu'ehnm,
981 1070 1169 1169 Proetum,
1279 1112 1295 1139 x

185 1189 285 1273 alios,
316 1213 404 1258 unus
437 1189 589 1257 audiatur
617 1191 789 1276 Plonnus,
825 1189 883 1282 qui
914 1213 1007 1281 nonae
1039 1187 1162 1257 scholae

185 1311 337 1405 princeps
366 1310 439 1377 luit.
489 1315 520 1376 Is
544 1309 666 1402 igitur,
699 1331 835 1404 prorsus
859 1320 897 1378 ut
920 1306 1161 1398 schellingenr,

186 1424 295 1498 omnis
325 1425 543 1522 philosophiae
576 1425 776 1522 principium
810 1424 905 1523 ponit
927 1413 1160 1515 Absolutum,

186 1548 276 1641 quod
299 1571 434 1640 prorsus
458 1553 571 1616 Unum
594 1561 628 1616 et
652 1545 796 1640 Simplex
811 1547 872 1633 sit,
888 1570 949 1615 nco
967 1545 1161 1640 Objectum,

184 1691 246 1736 nec
276 1666 371 1734 Ratio
403 1665 466 1749 sit,
498 1689 605 1760 neque
637 1657 825 1766 moveatur,
855 1688 963 1760 neque
993 1665 1162 1759 quiescat,

187 1811 295 1880 neque
320 1785 355 1853 in
385 1799 533 1881 tempore
557 1810 665 1880 neque
690 1787 723 1854 in
748 1782 852 1882 spatio
876 1785 937 1874 sit,
962 1778 1170 1880 quantitate,

189 1904 372 2000 qualitate,
416 1907 507 1974 omni
541 1907 678 1976 omnino
711 1886 890 1976 iraedicato
923 1919 1056 1993 careat,
1094 1928 1164 1974 non
1264 1916 1265 1920 ’

186 1999 391 2110 Substantia,
419 2050 487 2092 non
515 2026 667 2118 Cogitans
691 2024 833 2120 aliquid,
859 2024 916 2094 sed
939 2025 1049 2118 ipsum
1069 2024 1163 2094 abso·

187 2143 298 2213 lutum
322 2126 400 2214 Esse
418 2159 451 2214 et
471 2145 620 2239 Cogitare
643 2144 713 2241 (q).'
757 2144 808 2215 Ab
825 2143 890 2214 hoc
907 2142 1066 2214 Absoluto
1085 2167 1165 2238 pro·

188 2263 310 2334 fectum
339 2278 388 2333 est
410 2289 478 2333 non
502 2278 631 2334 tantum
647 2264 806 2359 quicquid
822 2279 889 2351 est,
911 2262 1160 2350 verumetiam,

175 2383 346 2476 quicquid
358 2397 572 2480 ecsepotest3
596 2381 801 2485 illudentem
824 2383 915 2476 quod
932 2396 1002 2469 est,
1022 2396 1079 2450 aut
1096 2404 1168 2452 esso
1214 2398 1217 2405 '

188 2515 315 2595 pote-st,
336 2526 404 2568 non
420 2500 595 2595 aliquando
611 2515 722 2571 ortum
742 2517 811 2589 est,
833 2502 889 2570 sed
901 2502 942 2569 ab
954 2502 1045 2570 omni
1066 2514 1164 2570 aeter·

189 2619 292 2688 nitate
323 2617 386 2688 fuit
420 2618 455 2688 in
490 2625 566 2690 Uno
596 2634 629 2689 et
661 2618 821 2691 Absoluto
856 2618 920 2716 (r).
968 2624 1094 2707 Porro,
1126 2634 1166 2690 ut

189 2740 428 2834 Schellt'ngnn,
452 2724 499 2812 sic
517 2742 686 2841 Plotc'nns,
712 2755 809 2836 urget
827 2740 1050 2853 identitatem.
1085 2738 1167 2810 Sub·

173 2860 333 2953 -jectum,
353 2860 544 2951 Objectum,
569 2862 736 2956 Cogitate,
761 2863 968 2955 Cogitatum,
993 2860 1184 2953 Cogit'ans,·

172 2979 302 3046 'eadem
328 2994 423 3053 sunt..
465 2986 552 3049 Tum
580 2995 717 3074 uterque
736 2979 953 3075 philosophus
971 2978 1092 3072 pariter
1109 2998 1167 3046 ne·

192 3110 247 3189 gat
271 3099 421 3194 cognosci
444 3124 539 3194 posse
568 3097 767 3169 Absolutum
785 3099 1020 3168 meditatione:
1040 3095 1167 3170 nuttam

192 3238 263 3282 esse
292 3216 361 3310 ejus
382 3219 626 3312 cognitionem,
652 3218 717 3289 nisi
741 3243 800 3313 per
823 3200 1083 3289 Intellectnalem
1106 3223 1169 3288 In·

134 3407 136 3410 Α
190 3339 674 3430 t1n'nonem‚qunmPlotmzn
689 3334 882 3437 παρουσίαν
900 3336 1058 3434 appellat,
1078 3324 1167 3408 tam-
1270 3318 1273 3323 ’

195 3562 1162 3603 W

231 3722 273 3791 (q)
290 3720 415 3773 Ennead.
436 3716 488 3776 vl.
507 3743 532 3794 9.
553 3745 576 3780 ι.
594 3691 635 3800 iq.

235 3837 271 3906 lt)
288 3839 413 3896 Ennead·
433 3838 469 3897 V.
482 3844 515 3899 t·
533 3842 561 3899 ὅ.
