2678 4584
155 272 264 348 'ma
396 273 919 373 ΙΒΙὸΡΠΤΔΤΙΟ

193 481 305 537 autem
332 488 404 535 eam
428 488 498 565 rem
527 464 693 541 hocloco
720 479 859 535 motare
882 488 951 535 non
977 487 1176 560 possumus,

74 660 78 671 ,
195 612 272 658 cum
305 610 375 655 non
412 574 513 680 quam
553 605 639 656 aem
673 583 717 657 sit
754 600 812 655 aut
845 585 950 674 satra
986 585 1183 680 Schellurgii

194 705 372 793 doctriua,
400 704 457 775 sed
488 729 589 800 quam
624 706 716 776 ratiti
747 717 805 773 aut
837 708 971 791 noxio,
1000 719 1176 799 quaeratur.
1228 688 1233 710 ¹

196 826 259 915 Sed
294 823 408 894 eadem
441 823 497 895 hic
533 849 650 895 rursus
682 823 873 919 disputandi
908 823 1083 919 difficultas
1107 839 1202 907 est,-

196 930 314 1047 quara>
331 968 432 1040 supra
467 943 735 1015 memoravimus.
795 941 876 1024 Aliae
911 958 990 1013 suut
1021 944 1179 1021 Scamn-
1266 1042 1270 1061 .

194 1071 337 1156 grance,
374 1061 445 1133 alie
486 1086 680 1133 communes
714 1087 827 1151 rerum
864 1063 1026 1151 notiones.
1076 1064 1182 1149 Nobip

197 1184 227 1257 si
263 1180 388 1279 aliquid
422 1181 458 1252 in
496 1182 691 1275 Sctaellmga
722 1183 872 1253 doctrina
907 1180 1048 1270 salsum,
1076 1183 1183 1253 incer·

198 1318 297 1391 tum,
333 1305 472 1373 noxium
508 1301 679 1391 videatur,
711 1301 752 1372 ad
783 1326 993 1389 communem
1023 1301 1182 1397 loquendi

199 1449 299 1509 usum
320 1422 485 1518 judicium
516 1438 670 1495 nostrum
698 1420 882 1517 dirigimus.
923 1422 1050 1513 Quodsi
1074 1423 1185 1493 Schel-

200 1543 301 1635 la'ngii
324 1543 477 1637 notiones
517 1568 725 1640 sequamur,
760 1541 854 1638 aliter
884 1543 1096 1636 judicandum
1129 1542 1184 1613 sit.

201 1664 235 1735 si
265 1663 377 1752 enim,
408 1677 446 1733 ut
474 1663 539 1735 hoo
570 1678 725 1758 utamuq‚
755 1663 840 1735 effici
870 1677 1002 1759 posset,
1032 1663 1188 1735 Sabellus»

199 1789 346 1878 granam
369 1780 543 1879 ‚religionis
575 1782 761 1855 doctrinam
785 1807 861 1853 curn
891 1789 1027 1854 ratione
1053 1807 1190 1878 pugnu-

203 1928 262 1990 re,
289 1903 366 1972 satis
398 1901 534 1996 quidem
563 1902 629 1972 hoc
651 1900 741 1997 apud
774 1894 899 1973 ceteros
932 1900 1083 1972 homiues
1107 1903 1190 1972 vale·

204 2037 278 2110 ret,
313 2047 391 2091 cum
423 2019 470 2101 illi
506 2023 542 2090 in
571 2015 740 2114 religionis
775 2044 871 2101 causa
901 2045 969 2088 non
1003 2019 1190 2109 rationem,

203 2141 261 2213 sed
283 2140 523 2236 phantasiam„
540 2162 610 2208 esse
641 2138 845 2232 sequendam
869 2152 1023 2208 statuant.
1073 2145 1192 2233 Itaque

204 2284 249 2331 ne
283 2256 317 2326 in
355 2256 517 2378 iplinitam
554 2256 826 2352 disputationem,
853 2282 916 2329 noe
949 2257 1192 2366 conjiciamus,

206 2392 340 2474 rogatos
374 2373 530 2449 volumus
559 2375 721 2465 lectores,
757 2393 806 2459 ut,
828 2380 999 2453 communi
1032 2377 1192 2474 loquendi

205 2520 303 2587 usu,
340 2498 644 2592 communibusque
692 2478 887 2571 notionibus
926 2498 1073 2581 contenti
1114 2476 1198 2576 sint.

206 2624 321 2712 Neque
345 2617 436 2687 enim
461 2642 545 2706 vos,
574 2619 650 2703 ,vrri
683 2616 929 2706 Eruditissimi‚
953 2643 1051 2705 cum,
1076 2631 1193 2687 utrum

208 2735 302 2811 utilis
338 2761 381 2805 au
416 2735 514 2807 noxia
548 2751 632 2807 esset
667 2735 740 2807 hac
763 2734 934 2822 doctrina,
970 2737 1193 2831 querebatis,

162 2928 164 2934 .
206 2856 284 2929 alias
323 2855 472 2929 utilitatis
514 2871 572 2927 aut
608 2881 703 2927 noxae
744 2857 896 2928 notiones
938 2855 1195 2944 informabatis,

211 3002 313 3074 quam
340 3003 414 3073 quae
437 2975 608 3049 communi
633 3001 786 3049 sermone
809 2989 1059 3070 usurparentur.
1134 3050 1137 3056 ι
1192 3042 1195 3047 .

260 3096 410 3167 Primum
444 3096 571 3191 igitur,
604 3096 631 3167 si
664 3096 706 3167 de
730 3094 888 3188 religione
909 3093 1077 3186 objectiva
1101 3122 1198 3191 que-

212 3231 336 3302 ratur,
371 3216 657 3316 'perniciosissima
703 3215 800 3285 nobis
837 3214 969 3284 videtur
1008 3216 1202 3306 Schellrirgr‘r'

175 3322 180 3333 ’
215 3334 400 3422 sententia,
434 3336 523 3428 quod
558 3334 613 3404 iile
648 3332 775 3404 nuliam
807 3341 938 3404 rationi
965 3336 999 3404 iu
1030 3335 1198 3430 religionis

216 3481 314 3528 causa
348 3456 578 3524 auctoritatem
621 3455 755 3542 tribuit.
808 3461 871 3525 Res
913 3455 983 3552 ipsa
1018 3454 1197 3552 loquitur,

213 3601 284 3647 non
323 3599 393 3644 esse
425 3572 525 3668 hujus
561 3558 771 3670 scriptionis,
808 3560 1029 3670 patrocinium
1062 3575 1200 3644 rationis

208 3698 372 3766 adversus
401 3694 637 3790 Sclrellingr'um
671 3695 845 3790 suscipere.
896 3698 963 3786 Qui
987 3694 1122 3789 quidem
1145 3692 1200 3763 lo·-

136 3899 137 3903 ¹
218 3841 277 3888 cus
306 3813 388 3885 adeo
419 3815 519 3889 tritus
553 3830 588 3886 et
620 3816 806 3889 communis
840 3832 918 3903 cst,
953 3828 1014 3915 qt,
1031 3815 1097 3913 'qui
1121 3838 1198 3884 euin
1288 3904 1295 3917 ,

1098 4071 1103 4105 l
