<?xml version="1.0" encoding="UTF-8"?>
<!DOCTYPE html PUBLIC "-//W3C//DTD XHTML 1.0 Transitional//EN"
    "http://www.w3.org/TR/xhtml1/DTD/xhtml1-transitional.dtd">
<html xmlns="http://www.w3.org/1999/xhtml" xml:lang="en" lang="en">
 <head>
  <title>
</title>
<meta http-equiv="Content-Type" content="text/html;charset=utf-8" />
  <meta name='ocr-system' content='tesseract 3.04.00' />
  <meta name='ocr-capabilities' content='ocr_page ocr_carea ocr_par ocr_line ocrx_word'/>
</head>
<body>
  <div class='ocr_page' id='page_1' title='image "./disputatiodemys00borggoog_0276.png"; bbox 0 0 2678 4584; ppageno 0'>
   <div class='ocr_carea' id='block_1_1' title="bbox 377 306 1161 420">
    <p class='ocr_par' dir='ltr' id='par_1_1' title="bbox 377 306 1161 420">
     <span class='ocr_line' id='line_1_1' title="bbox 377 306 1161 420; baseline -0.003 -38"><span class='ocrx_word' id='word_1_1' title='bbox 377 337 436 382; x_wconf 79' lang='lat' dir='ltr'>nn</span> <span class='ocrx_word' id='word_1_2' title='bbox 484 312 967 420; x_wconf 60' lang='lat' dir='ltr'>MYSl&#39;ICISMO.</span> <span class='ocrx_word' id='word_1_3' title='bbox 1090 306 1161 380; x_wconf 73' lang='lat'>265</span> 
     </span>
    </p>
   </div>
   <div class='ocr_carea' id='block_1_2' title="bbox 171 501 1243 3962">
    <p class='ocr_par' dir='ltr' id='par_1_2' title="bbox 171 501 1243 3962">
     <span class='ocr_line' id='line_1_2' title="bbox 184 501 1161 602; baseline -0.003 -27"><span class='ocrx_word' id='word_1_4' title='bbox 184 505 284 575; x_wconf 89' lang='lat' dir='ltr'>dubia</span> <span class='ocrx_word' id='word_1_5' title='bbox 316 503 424 602; x_wconf 88' lang='lat' dir='ltr'><strong>aliqua</strong></span> <span class='ocrx_word' id='word_1_6' title='bbox 458 531 494 575; x_wconf 88' lang='lat' dir='ltr'>re</span> <span class='ocrx_word' id='word_1_7' title='bbox 526 530 640 576; x_wconf 85' lang='lat' dir='ltr'>sensus</span> <span class='ocrx_word' id='word_1_8' title='bbox 673 516 928 575; x_wconf 79' lang='lat' dir='ltr'>commoveatur.</span> <span class='ocrx_word' id='word_1_9' title='bbox 979 506 1046 573; x_wconf 83' lang='lat' dir='ltr'>Aut</span> <span class='ocrx_word' id='word_1_10' title='bbox 1070 501 1161 572; x_wconf 91' lang='lat' dir='ltr'>enim</span> 
     </span>
     <span class='ocr_line' id='line_1_3' title="bbox 182 620 1160 721; baseline -0.004 -25"><span class='ocrx_word' id='word_1_11' title='bbox 182 628 279 720; x_wconf 82' lang='lat' dir='ltr'>fingit</span> <span class='ocrx_word' id='word_1_12' title='bbox 302 625 494 721; x_wconf 84' lang='lat' dir='ltr'><strong>phantasia,</strong></span> <span class='ocrx_word' id='word_1_13' title='bbox 519 651 590 696; x_wconf 88' lang='lat' dir='ltr'>rem</span> <span class='ocrx_word' id='word_1_14' title='bbox 611 632 685 696; x_wconf 76' lang='lat' dir='ltr'>&#39;non</span> <span class='ocrx_word' id='word_1_15' title='bbox 707 649 777 696; x_wconf 90' lang='lat' dir='ltr'>esse</span> <span class='ocrx_word' id='word_1_16' title='bbox 801 623 955 709; x_wconf 87' lang='lat' dir='ltr'>dubiam,</span> <span class='ocrx_word' id='word_1_17' title='bbox 972 620 1029 690; x_wconf 86' lang='lat' dir='ltr'>sed</span> <span class='ocrx_word' id='word_1_18' title='bbox 1047 646 1160 692; x_wconf 82' lang='lat' dir='ltr'>veram</span> 
     </span>
     <span class='ocr_line' id='line_1_4' title="bbox 182 758 1243 838; baseline -0.004 -22"><span class='ocrx_word' id='word_1_19' title='bbox 182 773 220 816; x_wconf 90' lang='lat' dir='ltr'>ac</span> <span class='ocrx_word' id='word_1_20' title='bbox 255 762 401 832; x_wconf 82' lang='lat' dir='ltr'>certam,</span> <span class='ocrx_word' id='word_1_21' title='bbox 437 761 494 817; x_wconf 88' lang='lat' dir='ltr'>aut</span> <span class='ocrx_word' id='word_1_22' title='bbox 532 762 685 818; x_wconf 83' lang='lat' dir='ltr'>movetur</span> <span class='ocrx_word' id='word_1_23' title='bbox 726 769 862 832; x_wconf 89' lang='lat' dir='ltr'>sensus,</span> <span class='ocrx_word' id='word_1_24' title='bbox 900 758 1069 838; x_wconf 73' lang='lat' dir='ltr'>quatemcs</span> <span class='ocrx_word' id='word_1_25' title='bbox 1107 764 1161 812; x_wconf 79' lang='lat' dir='ltr'>res</span> <span class='ocrx_word' id='word_1_26' title='bbox 1236 771 1243 784; x_wconf 88' lang='lat'><strong>·</strong></span> 
     </span>
     <span class='ocr_line' id='line_1_5' title="bbox 181 861 1161 961; baseline -0.006 -26"><span class='ocrx_word' id='word_1_27' title='bbox 181 867 359 961; x_wconf 85' lang='lat' dir='ltr'><strong>probabilis</strong></span> <span class='ocrx_word' id='word_1_28' title='bbox 398 868 492 938; x_wconf 89' lang='lat' dir='ltr'>nobis</span> <span class='ocrx_word' id='word_1_29' title='bbox 523 867 663 937; x_wconf 81' lang='lat' dir='ltr'>videtur.</span> <span class='ocrx_word' id='word_1_30' title='bbox 713 872 756 936; x_wconf 90' lang='lat' dir='ltr'>Et</span> <span class='ocrx_word' id='word_1_31' title='bbox 798 865 891 960; x_wconf 85' lang='lat' dir='ltr'><strong>prior</strong></span> <span class='ocrx_word' id='word_1_32' title='bbox 925 861 979 932; x_wconf 86' lang='lat' dir='ltr'>illa</span> <span class='ocrx_word' id='word_1_33' title='bbox 1014 888 1108 932; x_wconf 87' lang='lat' dir='ltr'><strong>causa</strong></span> <span class='ocrx_word' id='word_1_34' title='bbox 1133 862 1161 931; x_wconf 89' lang='lat' dir='ltr'>si</span> 
     </span>
     <span class='ocr_line' id='line_1_6' title="bbox 181 982 1161 1076; baseline -0.004 -23"><span class='ocrx_word' id='word_1_35' title='bbox 181 987 315 1072; x_wconf 85' lang='lat' dir='ltr'><strong>existat,</strong></span> <span class='ocrx_word' id='word_1_36' title='bbox 341 985 426 1055; x_wconf 84' lang='lat' dir='ltr'>nihil</span> <span class='ocrx_word' id='word_1_37' title='bbox 455 987 566 1056; x_wconf 88' lang='lat' dir='ltr'>sensui</span> <span class='ocrx_word' id='word_1_38' title='bbox 596 986 811 1056; x_wconf 84' lang='lat' dir='ltr'>tribuendum</span> <span class='ocrx_word' id='word_1_39' title='bbox 842 1009 931 1071; x_wconf 87' lang='lat' dir='ltr'>esse,</span> <span class='ocrx_word' id='word_1_40' title='bbox 956 997 990 1052; x_wconf 85' lang='lat' dir='ltr'>et</span> <span class='ocrx_word' id='word_1_41' title='bbox 1013 1006 1065 1051; x_wconf 81' lang='lat' dir='ltr'>res</span> <span class='ocrx_word' id='word_1_42' title='bbox 1089 982 1161 1076; x_wconf 87' lang='lat' dir='ltr'><strong>ipsa</strong></span> 
     </span>
     <span class='ocr_line' id='line_1_7' title="bbox 182 1100 1162 1199; baseline -0.003 -27"><span class='ocrx_word' id='word_1_43' title='bbox 182 1103 349 1199; x_wconf 82' lang='lat' dir='ltr'>loquitur,</span> <span class='ocrx_word' id='word_1_44' title='bbox 375 1120 408 1174; x_wconf 88' lang='lat' dir='ltr'>et</span> <span class='ocrx_word' id='word_1_45' title='bbox 432 1131 472 1174; x_wconf 88' lang='lat' dir='ltr'>ex</span> <span class='ocrx_word' id='word_1_46' title='bbox 496 1107 559 1193; x_wconf 86' lang='lat' dir='ltr'><strong>iis,</strong></span> <span class='ocrx_word' id='word_1_47' title='bbox 584 1130 658 1199; x_wconf 81' lang='lat' dir='ltr'>quae</span> <span class='ocrx_word' id='word_1_48' title='bbox 687 1130 787 1199; x_wconf 86' lang='lat' dir='ltr'><strong>supra</strong></span> <span class='ocrx_word' id='word_1_49' title='bbox 816 1104 856 1173; x_wconf 90' lang='lat' dir='ltr'>de</span> <span class='ocrx_word' id='word_1_50' title='bbox 885 1100 1064 1199; x_wconf 80' lang='lat' dir='ltr'>quaestione</span> <span class='ocrx_word' id='word_1_51' title='bbox 1090 1101 1162 1196; x_wconf 86' lang='lat' dir='ltr'><strong>pri·</strong></span> 
     </span>
     <span class='ocr_line' id='line_1_8' title="bbox 181 1206 1170 1320; baseline -0.002 -26"><span class='ocrx_word' id='word_1_52' title='bbox 181 1251 235 1294; x_wconf 88' lang='lat' dir='ltr'>ma</span> <span class='ocrx_word' id='word_1_53' title='bbox 257 1227 471 1296; x_wconf 88' lang='lat' dir='ltr'>disseruimus</span> <span class='ocrx_word' id='word_1_54' title='bbox 483 1228 497 1314; x_wconf 66' lang='lat'>,&#39;</span> <span class='ocrx_word' id='word_1_55' title='bbox 524 1224 662 1320; x_wconf 82' lang='lat' dir='ltr'>intelligi</span> <span class='ocrx_word' id='word_1_56' title='bbox 687 1239 806 1320; x_wconf 85' lang='lat' dir='ltr'><strong>potest.</strong></span> <span class='ocrx_word' id='word_1_57' title='bbox 830 1252 832 1257; x_wconf 93' lang='lat'>·</span> <span class='ocrx_word' id='word_1_58' title='bbox 857 1225 913 1294; x_wconf 85' lang='lat' dir='ltr'>Sin</span> <span class='ocrx_word' id='word_1_59' title='bbox 937 1247 1017 1292; x_wconf 84' lang='lat' dir='ltr'>vero</span> <span class='ocrx_word' id='word_1_60' title='bbox 1045 1206 1170 1292; x_wconf 68' lang='lat' dir='ltr'>sensud&#39;</span> 
     </span>
     <span class='ocr_line' id='line_1_9' title="bbox 180 1341 1172 1439; baseline -0.002 -27"><span class='ocrx_word' id='word_1_61' title='bbox 180 1345 289 1439; x_wconf 88' lang='lat' dir='ltr'><strong>aliqua</strong></span> <span class='ocrx_word' id='word_1_62' title='bbox 318 1371 354 1415; x_wconf 87' lang='lat' dir='ltr'>re</span> <span class='ocrx_word' id='word_1_63' title='bbox 385 1347 523 1432; x_wconf 78' lang='lat' dir='ltr'>feritur,</span> <span class='ocrx_word' id='word_1_64' title='bbox 550 1361 719 1439; x_wconf 77' lang='lat' dir='ltr'>quatenus</span> <span class='ocrx_word' id='word_1_65' title='bbox 747 1343 803 1413; x_wconf 91' lang='lat' dir='ltr'>illa</span> <span class='ocrx_word' id='word_1_66' title='bbox 823 1342 884 1413; x_wconf 70' lang='lat' dir='ltr'>&#39;res</span> <span class='ocrx_word' id='word_1_67' title='bbox 914 1342 1010 1412; x_wconf 90' lang='lat' dir='ltr'><strong>nohis</strong></span> <span class='ocrx_word' id='word_1_68' title='bbox 1038 1341 1172 1430; x_wconf 85' lang='lat' dir='ltr'>dubia,&#39;</span> 
     </span>
     <span class='ocr_line' id='line_1_10' title="bbox 180 1462 1168 1560; baseline -0.001 -26"><span class='ocrx_word' id='word_1_69' title='bbox 180 1491 241 1535; x_wconf 88' lang='lat' dir='ltr'>nec</span> <span class='ocrx_word' id='word_1_70' title='bbox 276 1480 363 1537; x_wconf 85' lang='lat' dir='ltr'><strong>certa</strong></span> <span class='ocrx_word' id='word_1_71' title='bbox 396 1466 546 1554; x_wconf 85' lang='lat' dir='ltr'>videtur,</span> <span class='ocrx_word' id='word_1_72' title='bbox 577 1466 647 1535; x_wconf 85' lang='lat' dir='ltr'>fieri</span> <span class='ocrx_word' id='word_1_73' title='bbox 681 1464 775 1535; x_wconf 83' lang='lat' dir='ltr'>aliter</span> <span class='ocrx_word' id='word_1_74' title='bbox 808 1491 877 1535; x_wconf 90' lang='lat' dir='ltr'>non</span> <span class='ocrx_word' id='word_1_75' title='bbox 912 1476 1040 1560; x_wconf 86' lang='lat' dir='ltr'><strong>potest,</strong></span> <span class='ocrx_word' id='word_1_76' title='bbox 1076 1462 1168 1557; x_wconf 80' lang='lat' dir='ltr'>quid&#39;</span> 
     </span>
     <span class='ocr_line' id='line_1_11' title="bbox 180 1580 1170 1680; baseline -0.002 -28"><span class='ocrx_word' id='word_1_77' title='bbox 180 1580 355 1671; x_wconf 81' lang='lat' dir='ltr'>notiones,</span> <span class='ocrx_word' id='word_1_78' title='bbox 389 1609 465 1654; x_wconf 94' lang='lat' dir='ltr'>cum</span> <span class='ocrx_word' id='word_1_79' title='bbox 506 1584 561 1654; x_wconf 90' lang='lat' dir='ltr'>illa</span> <span class='ocrx_word' id='word_1_80' title='bbox 597 1611 633 1653; x_wconf 84' lang='lat' dir='ltr'>re</span> <span class='ocrx_word' id='word_1_81' title='bbox 670 1586 882 1680; x_wconf 85' lang='lat' dir='ltr'>eonjunetae,</span> <span class='ocrx_word' id='word_1_82' title='bbox 921 1608 1015 1678; x_wconf 82' lang='lat' dir='ltr'>aeque</span> <span class='ocrx_word' id='word_1_83' title='bbox 1051 1581 1170 1651; x_wconf 80' lang='lat' dir='ltr'>dubiae·</span> 
     </span>
     <span class='ocr_line' id='line_1_12' title="bbox 180 1703 1173 1798; baseline 0 -26"><span class='ocrx_word' id='word_1_84' title='bbox 180 1704 267 1789; x_wconf 81' lang='lat' dir='ltr'><strong>sint,</strong></span> <span class='ocrx_word' id='word_1_85' title='bbox 297 1719 395 1798; x_wconf 89' lang='lat' dir='ltr'><strong>atque</strong></span> <span class='ocrx_word' id='word_1_86' title='bbox 420 1730 532 1774; x_wconf 85' lang='lat' dir='ltr'>earum</span> <span class='ocrx_word' id='word_1_87' title='bbox 559 1705 644 1774; x_wconf 88' lang='lat' dir='ltr'>fons.</span> <span class='ocrx_word' id='word_1_88' title='bbox 693 1706 726 1775; x_wconf 88' lang='lat' dir='ltr'>si</span> <span class='ocrx_word' id='word_1_89' title='bbox 755 1705 858 1797; x_wconf 83' lang='lat' dir='ltr'><strong>igitur</strong></span> <span class='ocrx_word' id='word_1_90' title='bbox 890 1703 943 1772; x_wconf 90' lang='lat' dir='ltr'>his</span> <span class='ocrx_word' id='word_1_91' title='bbox 967 1703 1173 1772; x_wconf 70' lang='lat' dir='ltr'>notionibus·</span> 
     </span>
     <span class='ocr_line' id='line_1_13' title="bbox 180 1822 1173 1910; baseline 0.002 -20"><span class='ocrx_word' id='word_1_92' title='bbox 180 1848 295 1894; x_wconf 83' lang='lat' dir='ltr'>sensus</span> <span class='ocrx_word' id='word_1_93' title='bbox 325 1824 489 1910; x_wconf 75' lang='lat' dir='ltr'><strong>afficitur,</strong></span> <span class='ocrx_word' id='word_1_94' title='bbox 519 1824 711 1895; x_wconf 87' lang='lat' dir='ltr'>notionibus</span> <span class='ocrx_word' id='word_1_95' title='bbox 735 1825 867 1894; x_wconf 83' lang='lat' dir='ltr'>incertis</span> <span class='ocrx_word' id='word_1_96' title='bbox 888 1822 1052 1910; x_wconf 86' lang='lat' dir='ltr'><strong>afficitur,</strong></span> <span class='ocrx_word' id='word_1_97' title='bbox 1078 1847 1097 1890; x_wconf 88' lang='lat' dir='ltr'><strong>a</strong></span> <span class='ocrx_word' id='word_1_98' title='bbox 1123 1836 1173 1892; x_wconf 71' lang='grc' dir='ltr'>τε·</span> 
     </span>
     <span class='ocr_line' id='line_1_14' title="bbox 179 1943 1159 2040; baseline 0.002 -30"><span class='ocrx_word' id='word_1_99' title='bbox 179 1943 304 2012; x_wconf 87' lang='lat' dir='ltr'>incerta</span> <span class='ocrx_word' id='word_1_100' title='bbox 334 1945 498 2038; x_wconf 83' lang='lat' dir='ltr'><strong>profectis.</strong></span> <span class='ocrx_word' id='word_1_101' title='bbox 549 1945 636 2014; x_wconf 83' lang='lat' dir='ltr'>Fieri</span> <span class='ocrx_word' id='word_1_102' title='bbox 661 1945 797 2040; x_wconf 90' lang='lat' dir='ltr'>quidem</span> <span class='ocrx_word' id='word_1_103' title='bbox 822 1958 950 2039; x_wconf 80' lang='lat' dir='ltr'><strong>potest,</strong></span> <span class='ocrx_word' id='word_1_104' title='bbox 977 1957 1015 2012; x_wconf 86' lang='lat' dir='ltr'>ut</span> <span class='ocrx_word' id='word_1_105' title='bbox 1044 1966 1159 2012; x_wconf 84' lang='lat' dir='ltr'>sensus</span> 
     </span>
     <span class='ocr_line' id='line_1_15' title="bbox 179 2061 1159 2160; baseline 0 -29"><span class='ocrx_word' id='word_1_106' title='bbox 179 2061 288 2158; x_wconf 88' lang='lat' dir='ltr'><strong>aliqua</strong></span> <span class='ocrx_word' id='word_1_107' title='bbox 323 2090 379 2153; x_wconf 87' lang='lat' dir='ltr'>re,</span> <span class='ocrx_word' id='word_1_108' title='bbox 415 2089 514 2160; x_wconf 89' lang='lat' dir='ltr'>quam</span> <span class='ocrx_word' id='word_1_109' title='bbox 553 2090 614 2135; x_wconf 90' lang='lat' dir='ltr'>nee</span> <span class='ocrx_word' id='word_1_110' title='bbox 645 2065 728 2134; x_wconf 84' lang='lat' dir='ltr'><strong>ratio</strong></span> <span class='ocrx_word' id='word_1_111' title='bbox 767 2079 891 2135; x_wconf 82' lang='lat' dir='ltr'>certam</span> <span class='ocrx_word' id='word_1_112' title='bbox 925 2063 1068 2155; x_wconf 85' lang='lat' dir='ltr'>judicet,</span> <span class='ocrx_word' id='word_1_113' title='bbox 1097 2087 1159 2132; x_wconf 89' lang='lat' dir='ltr'>nee</span> 
     </span>
     <span class='ocr_line' id='line_1_16' title="bbox 179 2183 1173 2280; baseline 0.001 -29"><span class='ocrx_word' id='word_1_114' title='bbox 179 2183 350 2277; x_wconf 85' lang='lat' dir='ltr'><strong>phantasia</strong></span> <span class='ocrx_word' id='word_1_115' title='bbox 384 2199 439 2253; x_wconf 90' lang='lat' dir='ltr'>ut·</span> <span class='ocrx_word' id='word_1_116' title='bbox 457 2209 567 2256; x_wconf 84' lang='lat' dir='ltr'>veram</span> <span class='ocrx_word' id='word_1_117' title='bbox 599 2186 723 2280; x_wconf 85' lang='lat' dir='ltr'><strong>fingat,</strong></span> <span class='ocrx_word' id='word_1_118' title='bbox 753 2186 861 2254; x_wconf 84' lang='lat' dir='ltr'>tamen</span> <span class='ocrx_word' id='word_1_119' title='bbox 898 2185 943 2254; x_wconf 88' lang='lat' dir='ltr'>ita</span> <span class='ocrx_word' id='word_1_120' title='bbox 965 2184 1173 2272; x_wconf 46' lang='lat' dir='ltr'>moveatur?</span> 
     </span>
     <span class='ocr_line' id='line_1_17' title="bbox 179 2303 1169 2398; baseline 0.001 -28"><span class='ocrx_word' id='word_1_121' title='bbox 179 2317 218 2370; x_wconf 84' lang='lat' dir='ltr'>ut</span> <span class='ocrx_word' id='word_1_122' title='bbox 241 2304 467 2372; x_wconf 86' lang='lat' dir='ltr'>vehementius</span> <span class='ocrx_word' id='word_1_123' title='bbox 490 2305 617 2372; x_wconf 85' lang='lat' dir='ltr'>moveri</span> <span class='ocrx_word' id='word_1_124' title='bbox 640 2329 707 2372; x_wconf 89' lang='lat' dir='ltr'>non</span> <span class='ocrx_word' id='word_1_125' title='bbox 734 2318 863 2398; x_wconf 86' lang='lat' dir='ltr'><strong>posset,</strong></span> <span class='ocrx_word' id='word_1_126' title='bbox 886 2304 1017 2373; x_wconf 71' lang='lat' dir='ltr'>etiamsi</span> <span class='ocrx_word' id='word_1_127' title='bbox 1036 2303 1169 2373; x_wconf 72' lang='lat' dir='ltr'>rationi*</span> 
     </span>
     <span class='ocr_line' id='line_1_18' title="bbox 179 2419 1173 2517; baseline 0.004 -29"><span class='ocrx_word' id='word_1_128' title='bbox 179 2419 233 2488; x_wconf 91' lang='lat' dir='ltr'>illa</span> <span class='ocrx_word' id='word_1_129' title='bbox 263 2447 314 2489; x_wconf 84' lang='lat' dir='ltr'>res</span> <span class='ocrx_word' id='word_1_130' title='bbox 349 2421 483 2490; x_wconf 87' lang='lat' dir='ltr'>indubia</span> <span class='ocrx_word' id='word_1_131' title='bbox 518 2421 709 2508; x_wconf 80' lang='lat' dir='ltr'>videretur3</span> <span class='ocrx_word' id='word_1_132' title='bbox 737 2425 793 2491; x_wconf 86' lang='lat' dir='ltr'>sed</span> <span class='ocrx_word' id='word_1_133' title='bbox 816 2424 851 2492; x_wconf 87' lang='lat' dir='ltr'>·si</span> <span class='ocrx_word' id='word_1_134' title='bbox 881 2424 955 2517; x_wconf 91' lang='lat' dir='ltr'><strong>quis</strong></span> <span class='ocrx_word' id='word_1_135' title='bbox 984 2424 1173 2514; x_wconf 48' lang='lat' dir='ltr'>cognanum</span> 
     </span>
     <span class='ocr_line' id='line_1_19' title="bbox 178 2539 1160 2637; baseline 0.004 -30"><span class='ocrx_word' id='word_1_136' title='bbox 178 2565 254 2608; x_wconf 86' lang='lat' dir='ltr'>nem</span> <span class='ocrx_word' id='word_1_137' title='bbox 288 2540 323 2608; x_wconf 93' lang='lat' dir='ltr'>in</span> <span class='ocrx_word' id='word_1_138' title='bbox 364 2564 398 2609; x_wconf 90' lang='lat' dir='ltr'>se</span> <span class='ocrx_word' id='word_1_139' title='bbox 437 2540 656 2628; x_wconf 80' lang='lat' dir='ltr'>converterit,</span> <span class='ocrx_word' id='word_1_140' title='bbox 691 2543 717 2610; x_wconf 91' lang='lat' dir='ltr'>is</span> <span class='ocrx_word' id='word_1_141' title='bbox 752 2539 843 2610; x_wconf 83' lang='lat' dir='ltr'>facile</span> <span class='ocrx_word' id='word_1_142' title='bbox 874 2542 1091 2637; x_wconf 84' lang='lat' dir='ltr'>compererit,</span> <span class='ocrx_word' id='word_1_143' title='bbox 1123 2556 1160 2612; x_wconf 80' lang='lat' dir='ltr'>se</span> 
     </span>
     <span class='ocr_line' id='line_1_20' title="bbox 177 2660 1177 2754; baseline 0.004 -26"><span class='ocrx_word' id='word_1_144' title='bbox 177 2674 251 2730; x_wconf 89' lang='lat' dir='ltr'>tum</span> <span class='ocrx_word' id='word_1_145' title='bbox 283 2684 351 2729; x_wconf 90' lang='lat' dir='ltr'>non</span> <span class='ocrx_word' id='word_1_146' title='bbox 380 2661 505 2730; x_wconf 83' lang='lat' dir='ltr'>moveri</span> <span class='ocrx_word' id='word_1_147' title='bbox 531 2661 757 2754; x_wconf 79' lang='lat' dir='ltr'>magnitudine</span> <span class='ocrx_word' id='word_1_148' title='bbox 782 2667 836 2730; x_wconf 78' lang='lat' dir='ltr'>rei</span> <span class='ocrx_word' id='word_1_149' title='bbox 858 2685 938 2732; x_wconf 77' lang='lat' dir='ltr'>vene</span> <span class='ocrx_word' id='word_1_150' title='bbox 965 2660 1177 2751; x_wconf 58' lang='lat' dir='ltr'>existentis}⁸¹</span> 
     </span>
     <span class='ocr_line' id='line_1_21' title="bbox 178 2781 1172 2875; baseline 0.005 -27"><span class='ocrx_word' id='word_1_151' title='bbox 178 2781 234 2848; x_wconf 90' lang='lat' dir='ltr'>sed</span> <span class='ocrx_word' id='word_1_152' title='bbox 275 2781 501 2875; x_wconf 83' lang='lat' dir='ltr'>magnitudine</span> <span class='ocrx_word' id='word_1_153' title='bbox 539 2783 649 2869; x_wconf 83' lang='lat' dir='ltr'>ideae,</span> <span class='ocrx_word' id='word_1_154' title='bbox 686 2781 708 2850; x_wconf 90' lang='lat' dir='ltr'>i.</span> <span class='ocrx_word' id='word_1_155' title='bbox 743 2807 771 2851; x_wconf 86' lang='lat' dir='ltr'>e.</span> <span class='ocrx_word' id='word_1_156' title='bbox 812 2788 864 2852; x_wconf 77' lang='lat' dir='ltr'>rei</span> <span class='ocrx_word' id='word_1_157' title='bbox 896 2789 1065 2874; x_wconf 72' lang='lat' dir='ltr'>cogitatae.</span> <span class='ocrx_word' id='word_1_158' title='bbox 1124 2788 1172 2861; x_wconf 68' lang='lat' dir='ltr'>st·</span> 
     </span>
     <span class='ocr_line' id='line_1_22' title="bbox 177 2899 1157 2998; baseline 0.003 -29"><span class='ocrx_word' id='word_1_159' title='bbox 177 2901 281 2994; x_wconf 86' lang='lat' dir='ltr'><strong>igitur</strong></span> <span class='ocrx_word' id='word_1_160' title='bbox 299 2926 339 2970; x_wconf 86' lang='lat' dir='ltr'>ex</span> <span class='ocrx_word' id='word_1_161' title='bbox 367 2926 427 2990; x_wconf 85' lang='lat' dir='ltr'>eo,</span> <span class='ocrx_word' id='word_1_162' title='bbox 454 2901 544 2996; x_wconf 90' lang='lat' dir='ltr'>quod</span> <span class='ocrx_word' id='word_1_163' title='bbox 568 2899 676 2997; x_wconf 87' lang='lat' dir='ltr'><strong>aliqua</strong></span> <span class='ocrx_word' id='word_1_164' title='bbox 703 2926 756 2972; x_wconf 87' lang='lat' dir='ltr'>res</span> <span class='ocrx_word' id='word_1_165' title='bbox 777 2903 873 2972; x_wconf 87' lang='lat' dir='ltr'>nobis</span> <span class='ocrx_word' id='word_1_166' title='bbox 894 2927 1051 2997; x_wconf 84' lang='lat' dir='ltr'>magnum</span> <span class='ocrx_word' id='word_1_167' title='bbox 1073 2902 1157 2998; x_wconf 88' lang='lat' dir='ltr'>quid</span> 
     </span>
     <span class='ocr_line' id='line_1_23' title="bbox 177 3019 1155 3111; baseline 0.004 -23"><span class='ocrx_word' id='word_1_168' title='bbox 177 3046 247 3090; x_wconf 89' lang='lat' dir='ltr'>esse</span> <span class='ocrx_word' id='word_1_169' title='bbox 283 3022 456 3110; x_wconf 82' lang='lat' dir='ltr'>videatur,</span> <span class='ocrx_word' id='word_1_170' title='bbox 494 3047 563 3092; x_wconf 91' lang='lat' dir='ltr'>non</span> <span class='ocrx_word' id='word_1_171' title='bbox 608 3021 684 3092; x_wconf 86' lang='lat' dir='ltr'>licet</span> <span class='ocrx_word' id='word_1_172' title='bbox 730 3023 891 3092; x_wconf 85' lang='lat' dir='ltr'>rationem</span> <span class='ocrx_word' id='word_1_173' title='bbox 936 3019 1155 3111; x_wconf 71' lang='lat' dir='ltr'>concludere&#39;,</span> 
     </span>
     <span class='ocr_line' id='line_1_24' title="bbox 177 3142 1157 3238; baseline 0.004 -28"><span class='ocrx_word' id='word_1_174' title='bbox 177 3165 248 3210; x_wconf 90' lang='lat' dir='ltr'>eam</span> <span class='ocrx_word' id='word_1_175' title='bbox 279 3157 347 3210; x_wconf 81' lang='lat' dir='ltr'>rem</span> <span class='ocrx_word' id='word_1_176' title='bbox 382 3167 451 3212; x_wconf 89' lang='lat' dir='ltr'>esse</span> <span class='ocrx_word' id='word_1_177' title='bbox 488 3149 622 3231; x_wconf 81' lang='lat' dir='ltr'>veram,</span> <span class='ocrx_word' id='word_1_178' title='bbox 652 3143 823 3238; x_wconf 83' lang='lat' dir='ltr'><strong>sequitur,</strong></span> <span class='ocrx_word' id='word_1_179' title='bbox 860 3142 975 3212; x_wconf 79' lang='lat' dir='ltr'>senshs</span> <span class='ocrx_word' id='word_1_180' title='bbox 1004 3168 1157 3214; x_wconf 87' lang='lat' dir='ltr'>commo-</span> 
     </span>
     <span class='ocr_line' id='line_1_25' title="bbox 175 3262 1158 3356; baseline 0.003 -27"><span class='ocrx_word' id='word_1_181' title='bbox 175 3262 265 3329; x_wconf 84' lang='lat' dir='ltr'>tione</span> <span class='ocrx_word' id='word_1_182' title='bbox 300 3287 367 3331; x_wconf 90' lang='lat' dir='ltr'>non</span> <span class='ocrx_word' id='word_1_183' title='bbox 396 3263 444 3332; x_wconf 88' lang='lat' dir='ltr'>rei</span> <span class='ocrx_word' id='word_1_184' title='bbox 473 3263 665 3351; x_wconf 80' lang='lat' dir='ltr'>veritatem,</span> <span class='ocrx_word' id='word_1_185' title='bbox 690 3263 746 3332; x_wconf 89' lang='lat' dir='ltr'>sed</span> <span class='ocrx_word' id='word_1_186' title='bbox 780 3262 924 3333; x_wconf 89' lang='lat' dir='ltr'>notionis</span> <span class='ocrx_word' id='word_1_187' title='bbox 951 3263 1158 3356; x_wconf 85' lang='lat' dir='ltr'>magnitudi·</span> 
     </span>
     <span class='ocr_line' id='line_1_26' title="bbox 175 3380 1156 3477; baseline 0.004 -28"><span class='ocrx_word' id='word_1_188' title='bbox 175 3407 252 3450; x_wconf 86' lang='lat' dir='ltr'>nem</span> <span class='ocrx_word' id='word_1_189' title='bbox 281 3380 447 3451; x_wconf 86' lang='lat' dir='ltr'>declarari.</span> <span class='ocrx_word' id='word_1_190' title='bbox 496 3389 536 3452; x_wconf 90' lang='lat' dir='ltr'>In</span> <span class='ocrx_word' id='word_1_191' title='bbox 566 3408 633 3477; x_wconf 90' lang='lat' dir='ltr'>quo</span> <span class='ocrx_word' id='word_1_192' title='bbox 659 3382 741 3452; x_wconf 91' lang='lat' dir='ltr'>illud</span> <span class='ocrx_word' id='word_1_193' title='bbox 767 3384 865 3452; x_wconf 83' lang='lat' dir='ltr'>etiam</span> <span class='ocrx_word' id='word_1_194' title='bbox 891 3383 1156 3453; x_wconf 72' lang='lat' dir='ltr'>animadierten-</span> 
     </span>
     <span class='ocr_line' id='line_1_27' title="bbox 174 3500 1155 3597; baseline 0 -28"><span class='ocrx_word' id='word_1_195' title='bbox 174 3501 256 3570; x_wconf 92' lang='lat' dir='ltr'>dum</span> <span class='ocrx_word' id='word_1_196' title='bbox 290 3515 360 3589; x_wconf 84' lang='lat' dir='ltr'>est,</span> <span class='ocrx_word' id='word_1_197' title='bbox 392 3526 490 3590; x_wconf 85' lang='lat' dir='ltr'>eum,</span> <span class='ocrx_word' id='word_1_198' title='bbox 525 3503 585 3597; x_wconf 88' lang='lat' dir='ltr'>qui</span> <span class='ocrx_word' id='word_1_199' title='bbox 622 3527 657 3571; x_wconf 83' lang='lat' dir='ltr'>re</span> <span class='ocrx_word' id='word_1_200' title='bbox 691 3500 801 3597; x_wconf 89' lang='lat' dir='ltr'><strong>aliqua</strong></span> <span class='ocrx_word' id='word_1_201' title='bbox 831 3503 931 3572; x_wconf 90' lang='lat' dir='ltr'>dubia</span> <span class='ocrx_word' id='word_1_202' title='bbox 964 3517 1155 3593; x_wconf 81' lang='lat' dir='ltr'>moveatur,</span> 
     </span>
     <span class='ocr_line' id='line_1_28' title="bbox 173 3620 1159 3721; baseline 0.005 -32"><span class='ocrx_word' id='word_1_203' title='bbox 173 3620 263 3690; x_wconf 90' lang='lat' dir='ltr'>illam</span> <span class='ocrx_word' id='word_1_204' title='bbox 297 3647 367 3690; x_wconf 87' lang='lat' dir='ltr'>rem</span> <span class='ocrx_word' id='word_1_205' title='bbox 403 3623 444 3690; x_wconf 87' lang='lat' dir='ltr'>ab</span> <span class='ocrx_word' id='word_1_206' title='bbox 471 3647 509 3691; x_wconf 83' lang='lat' dir='ltr'>ea</span> <span class='ocrx_word' id='word_1_207' title='bbox 537 3637 630 3718; x_wconf 86' lang='lat' dir='ltr'><strong>parte</strong></span> <span class='ocrx_word' id='word_1_208' title='bbox 658 3639 825 3719; x_wconf 86' lang='lat' dir='ltr'>spectare,</span> <span class='ocrx_word' id='word_1_209' title='bbox 855 3651 929 3721; x_wconf 82' lang='lat' dir='ltr'>quae</span> <span class='ocrx_word' id='word_1_210' title='bbox 952 3625 1021 3696; x_wconf 84' lang='lat' dir='ltr'>veri</span> <span class='ocrx_word' id='word_1_211' title='bbox 1044 3623 1159 3694; x_wconf 90' lang='lat' dir='ltr'>simili·</span> 
     </span>
     <span class='ocr_line' id='line_1_29' title="bbox 174 3743 1154 3841; baseline 0.001 -27"><span class='ocrx_word' id='word_1_212' title='bbox 174 3743 333 3833; x_wconf 17' lang='lat' dir='ltr'>tudinemp</span> <span class='ocrx_word' id='word_1_213' title='bbox 353 3743 479 3836; x_wconf 82' lang='lat' dir='ltr'><strong>haheat.</strong></span> <span class='ocrx_word' id='word_1_214' title='bbox 531 3743 622 3813; x_wconf 88' lang='lat' dir='ltr'>Idem</span> <span class='ocrx_word' id='word_1_215' title='bbox 655 3744 684 3816; x_wconf 87' lang='lat' dir='ltr'>si</span> <span class='ocrx_word' id='word_1_216' title='bbox 711 3771 730 3814; x_wconf 84' lang='lat' dir='ltr'><strong>a</strong></span> <span class='ocrx_word' id='word_1_217' title='bbox 758 3745 920 3815; x_wconf 86' lang='lat' dir='ltr'><strong>contraria</strong></span> <span class='ocrx_word' id='word_1_218' title='bbox 949 3761 1041 3840; x_wconf 86' lang='lat' dir='ltr'><strong>parte</strong></span> <span class='ocrx_word' id='word_1_219' title='bbox 1064 3770 1154 3841; x_wconf 87' lang='lat' dir='ltr'>spec·</span> 
     </span>
     <span class='ocr_line' id='line_1_30' title="bbox 171 3865 1153 3962; baseline 0.004 -28"><span class='ocrx_word' id='word_1_220' title='bbox 171 3878 276 3957; x_wconf 82' lang='lat' dir='ltr'><strong>taret,</strong></span> <span class='ocrx_word' id='word_1_221' title='bbox 307 3879 406 3962; x_wconf 82' lang='lat' dir='ltr'><strong>atque</strong></span> <span class='ocrx_word' id='word_1_222' title='bbox 440 3865 643 3962; x_wconf 84' lang='lat' dir='ltr'>phantasiam</span> <span class='ocrx_word' id='word_1_223' title='bbox 675 3866 865 3958; x_wconf 84' lang='lat' dir='ltr'>cohiberet,</span> <span class='ocrx_word' id='word_1_224' title='bbox 899 3891 967 3938; x_wconf 90' lang='lat' dir='ltr'>non</span> <span class='ocrx_word' id='word_1_225' title='bbox 1006 3892 1153 3938; x_wconf 77' lang='lat' dir='ltr'>movere·</span> 
     </span>
    </p>
   </div>
   <div class='ocr_carea' id='block_1_3' title="bbox 0 0 1344 4584">
    <p class='ocr_par' dir='ltr' id='par_1_3' title="bbox 0 0 1344 4584">
     <span class='ocr_line' id='line_1_31' title="bbox 0 0 1344 4584; baseline 0 3"><span class='ocrx_word' id='word_1_226' title='bbox 0 0 1344 4584; x_wconf 95' lang='lat' dir='ltr'> </span> 
     </span>
    </p>
   </div>
  </div>
 </body>
</html>
