2678 4584
188 277 263 375 234
428 279 899 353 arsenatem

641 406 647 439 t
1058 422 1063 432 .

144 482 146 486 “
182 488 217 543 et
239 496 280 541 ex
302 469 427 573 Gallp,
453 472 475 541 i.
501 496 530 540 e.
554 494 593 541 ex
616 470 686 564 ipsa
704 469 930 541 Catholicismi
949 471 1046 561 sede,
1064 473 1170 568 primi

182 618 235 680 ac,
249 589 528 666 vehementissimi
560 593 594 657 in
625 589 819 687 religionem
845 592 1066 672 Christianam
1102 595 1170 664 irn-

183 727 282 808 petus
312 712 390 783 lacti
404 711 488 781 ⁴'sint
504 708 680 780 l...Aliane
705 735 802 780 tnusa
833 712 1011 805 excogitari
1040 728 1171 807 potest,

184 856 285 926 quarn
318 831 410 926 quod
439 831 592 905 homines
621 830 711 905 docti
735 845 768 901 et
793 831 953 926 ingeniosi
968 883 983 919 ‚.
1002 857 1080 902 cum
1106 839 1170 901 Ca-

185 950 446 1038 tholicisnrurn‚
479 952 713 1046 superstitione
750 977 788 1020 ac
822 952 1025 1027 caeremoniis
1067 954 1173 1022 refer*
1205 1026 1208 1031 ,

185 1087 283 1158 tum,
315 1097 379 1167 pro
410 1072 595 1143 Christiana
630 1069 789 1165 religione
813 1071 973 1140 venditari
999 1072 1172 1160 viderent,

84 1195 85 1199 ’
183 1191 313 1264 nullam
345 1192 518 1263 materiam
551 1193 755 1287 reperirent,
794 1191 829 1260 in
854 1216 942 1285 qua,
955 1191 1089 1261 facetius
1114 1218 1174 1261 ca-

184 1309 292 1383 villari
316 1311 484 1406 possent?
533 1318 680 1383 Tantum
711 1311 813 1405 igitur
845 1312 958 1399 abest,
982 1326 1021 1380 ut
1046 1337 1171 1406 pompa

133 1436 134 1439 ’
184 1447 228 1514 et¹
243 1456 401 1501 sensuum
425 1433 606 1502 commotio
630 1431 708 1502 satis
732 1432 868 1501 firmum
888 1433 931 1500 sit
951 1430 1171 1526 religiositatis

183 1551 460 1639 fundamentum,
487 1567 530 1636 ut
555 1553 584 1622 si
624 1552 660 1620 in
685 1553 784 1621 rebus
808 1551 951 1621 externis
974 1554 1086 1621 omnia
1108 1578 1175 1647 po-

181 1689 306 1741 nantur
321 1705 348 1759 ‚·
372 1652 632 1765 intelligentibus
676 1672 776 1741 etiam
816 1670 903 1741 risus
948 1673 1076 1742 moveri
1110 1673 1172 1741 de-

115 1841 119 1849 ·
182 1792 258 1862 beat
293 1789 371 1886 (m).
422 1793 511 1880 Quid
548 1793 672 1863 civium
714 1790 898 1877 virtutem,
938 1792 1021 1885 quid
1058 1793 1172 1885 patriae

184 1912 354 1981 caritatem
377 1911 529 2001 dicam?
576 1909 725 2004 Declarat
760 1910 975 1980 recentissimi
1011 1911 1172 2005 temporis

99 2061 104 2070 ·
186 2031 348 2117 historia,
377 2047 542 2124 quantum
572 2031 862 2100 Protestantismus
896 2027 972 2114 ille,
998 2054 1097 2122 quern
1119 2030 1174 2123 je·
1223 2034 1225 2039 ’

185 2151 336 2244 junitatis
373 2167 554 2235 accusant,
578 2148 700 2224 ...valeat
743 2148 785 2228 ad
821 2147 999 2228 hominum
1046 2150 1175 2220 animos

186 2270 301 2365 patriae
340 2293 452 2337 amore
488 2269 713 2355 imbuendos,
748 2282 846 2361 atque
876 2293 916 2337 eo
942 2268 1173 2357 adducendos,

185 2405 225 2459 ut
248 2404 306 2478 eti*
333 2389 361 2458 si
392 2393 566 2463 necessitas
598 2403 735 2485 urgeat,
766 2389 904 2481 injurias
935 2390 1100 2485 sapienter
1124 2391 1174 2461 le—

226 2803 277 2890 (rir)
304 2819 589 2890 Vat0r1.c.p.399
616 2809 656 2886 sq.⁴
676 2822 724 2892 qui
752 2823 831 2874 etiam
850 2829 923 2872 recte
941 2820 1035 2872 addit:
1073 2818 1175 2871 »Wie'

189 2916 422 2982 ›ganzgandem
448 2915 496 2967 wie
522 2915 696 2967 tausendtach
725 2914 905 2967 ersreuliclrer
924 2916 972 2965 fiir
990 2914 1042 2963 den
1061 2913 1175 2980 religio-

190 3025 208 3056 »
226 3026 272 3060 sen
298 3007 463 3060 Beobachter
489 3010 627 3077 gestaltcte
649 3009 710 3061 sich
737 3009 782 3059 die
809 3006 896 3059 Sache
923 3008 952 3058 in
971 3005 1115 3073 England,
1142 3008 1173 3057 in

191 3118 208 3150 2
228 3100 362 3154 Schoosse
380 3103 428 3153 der
446 3101 691 3169 protestantischen
716 3100 819 3153 Kirche
837 3101 891 3152 und
908 3100 957 3151 der
975 3099 1105 3168 Freylreit
1123 3098 1178 3151 der*

190 3210 207 3242 2
226 3191 443 3265 Untcrsuchung.
490 3194 614 3263 England
640 3213 693 3248 war
723 3196 770 3246 der
798 3192 857 3247 Sitz
883 3194 929 3245 des
954 3192 1096 3256 Delemna,
1123 3195 1172 3245 der

122 3310 126 3317 ’
176 3302 207 3338 J
227 3287 350 3355 Angriffe
375 3292 424 3340 auf
444 3289 490 3340 die
515 3290 696 3358 geoffenbarte
723 3289 864 3357 Religion:
898 3288 986 3352 eber,
1020 3288 1085 3338 eben
1112 3288 1173 3340 weil

176 3379 207 3430 ἰ’
227 3353 487 3451 Gewissentieyhelt
513 3383 546 3433 da
572 3401 645 3449 war,
672 3376 788 3433 zcrfrass
811 3380 890 3432 nicht
908 3380 1075 3434 versteclrter
1092 3378 1172 3433 Witz

148 3501 151 3504 ·
189 3493 205 3523 ι
223 3474 278 3526 und
298 3473 378 3542 Spott
397 3477 442 3527 die
460 3475 481 3525 F
484 3476 628 3544 ingeneide
646 3476 693 3529 des
711 3476 856 3545 religionen
875 3472 989 3539 Sinues5
1009 3477 1080 3526 offen
1099 3471 1172 3524 ward

188 3585 205 3616 n
224 3570 270 3620 das
297 3567 501 3622 Christenthum
528 3568 718 3638 angegriffen,
742 3570 826 3618 'offen
860 3567 916 3618 und
949 3565 1096 3637 griindlich
1129 3565 1177 3616 das

160 3694 165 3702 -
187 3679 204 3711 n
224 3661 429 3715 Christenthum
454 3661 631 3730 vertheitigt:
661 3663 716 3713 und
743 3680 783 3713 no
810 3663 885 3714 bleib
914 3663 942 3712 in
962 3662 1028 3713 eben
1047 3660 1095 3709 der
1114 3657 1175 3729 deit

188 3756 277 3806 »urid
296 3757 331 3807 ist
348 3760 415 3824 jerat
441 3756 519 3809 mehr
537 3750 678 3826 retigttner-
696 3755 788 3823 Sino,
816 3759 856 3811 als
883 3757 912 3808 in
927 3752 1077 3821 England?
1095 3751 1173 3809 mehr

188 3866 205 3906 n
223 3847 418 3919 Frommigliait
431 3850 472 3904 ?''
