2678 4584
380 318 436 365 ua
477 294 954 399 MYSTIGISMO.
1088 296 1155 370 261

181 491 217 557 in
241 483 417 558 soiitnffine
440 503 539 584 atque
564 489 598 558 in
622 486 764 558 tenebris
788 464 1048 560 contuemiscant.
1091 464 1171 562 [ste¹

183 620 293 677 autem
318 614 444 678 tremor
466 634 535 679 non
553 608 672 698 docet,
690 632 759 678 esse
783 607 913 694 larvas,
928 610 987 679 sed
1007 623 1158 697 tantum,
1257 662 1268 675 t

182 725 246 796 iliis
260 728 462 798 'hominibus
496 754 564 798 non
587 728 664 799 satis
688 752 757 798 esse
778 753 992 824 persuasum,
1016 754 1068 798 eas
1093 753 1162 799 non

184 860 263 916 esse:
313 849 345 916 Si
373 862 487 917 antem
502 843 604 933 ”aptio
638 847 782 944 aliquam
814 874 885 919 nem
919 848 1024 918 firmis
1059 872 1164 943 argu-

169 966 307 1034 mentis
331 964 443 1036 faisam'
468 973 537 1037 csse
556 967 704 1062 judicat,
727 983 775 1037 et
798 983 908 1037 tamen
932 970 1045 1039 seusus
1069 971 1107 1038 ed
1130 992 1167 1038 re

187 1100 443 1173 commovetur,
480 1101 553 1156 tum
589 1091 659 1157 haee
693 1092 873 1158 commotio
908 1088 1082 1159 tribuenda
1115 1102 1167 1157 est

177 1206 403 1301 phantasiae,
438 1229 511 1298 quae
543 1220 592 1273 est
620 1203 720 1275 altera
752 1232 866 1293 causa,
901 1232 967 1302 qua
990 1208 1061 1277 fieri
1084 1232 1167 1302 pos-

174 1326 251 1412 sit,
277 1339 314 1393 ut
338 1349 451 1393 sensus
485 1341 659 1394 moveatur
692 1325 801 1421 aliqua
831 1352 888 1413 re,
918 1352 1017 1421 quam
1043 1343 1080 1394 ut
1104 1325 1168 1396 fat-

172 1470 266 1514 ·sam‘
285 1459 417 1539 respuat
441 1444 536 1513 ratio.
584 1447 669 1514 Satis
702 1446 814 1514 estad
838 1448 1116 1532 commotionem,
1140 1447 1170 1516 si

188 1563 320 1633 modo
321 1589 359 1631 ea
392 1588 443 1634 res
473 1569 619 1656 cogitari
646 1578 775 1658 potest,
800 1563 905 1658 qualis
929 1579 977 1633 est
1003 1563 1057 1633 illa
1081 1564 1170 1634 Bar-

169 1690 263 1777 geri
285 1680 416 1753 fabula·
407 1709 568 1778 ,neque,
606 1684 745 1752 sirecte
772 1682 866 1789 loqui
890 1683 1066 1770 volumus,
1093 1711 1172 1757 sen

191 1828 248 1872 sus
272 1803 415 1872 afficitur
436 1828 472 1871 re
496 1803 584 1898 ipsa,
616 1803 682 1874 s'ed
695 1803 742 1873 rei
766 1804 975 1898 cogitatione
1025 1812 1172 1907 Apparet

172 1923 314 2016 igitur,
340 1920 370 1991 si
392 1948 411 1990 a
435 1923 561 1992 tatione
584 1947 700 1993 sensns
729 1924 904 2012 dissideat,
929 1950 1000 1994 eam
1025 1948 1171 2019 pugnam

190 2033 391 2137 numquam
410 2068 450 2112 eo
484 2041 590 2112 vadere
624 2043 778 2144 debete,¹
799 2038 858 2132 ut,
890 2045 992 2139 quod
1012 2060 1069 2114 aut
1094 2070 1171 2114 cum

191 2178 287 2233 recta
311 2164 436 2234 ratione
465 2178 522 2232 aut
552 2189 629 2241 cum
659 2169 690 2234 S,
718 2164 836 2233 Codice
865 2164 1012 2260 pugnet,
1037 2164 1070 2233 id
1095 2190 1174 2234 sen-

152 2284 250 2352 ··sds
274 2285 467 2352 auctoritate
489 2308 552 2375 pro
576 2308 654 2351 nero
679 2284 877 2372 habeamuS,
903 2284 961 2354 sed
983 2286 1095 2379 potins
1119 2285 1179 2371 iis,

171 2427 276 2496 squas
300 2397 576 2486 memoravimus,
601 2401 705 2490 causis
726 2401 824 2470 illam·
835 2405 1079 2472 contentionem
1105 2429 1174 2473 esse

193 2521 429 2589 tribuendam..
465 2520 498 2591 Si
522 2519 610 2611 enim
636 2519 756 2590 rationi
783 2520 824 2588 de
848 2521 895 2589 rei
920 2519 1057 2590 salsitate
1076 2527 1175 2616 pr'or·

194 2665 254 2711 aas
278 2665 470 2735 persuasum
494 2654 564 2727 est,
589 2640 683 2734 sique
717 2638 771 2708 illa
795 2664 847 2710 res
872 2640 916 2709 ita
940 2638 1175 2731 absurdas'est,

194 2776 235 2830 ut
266 2759 365 2830 nulla·
390 2760 590 2855 phantasia
625 2783 722 2848 mm,
756 2775 927 2855 tamquam
960 2784 1078 2833 veram
1112 2762 1176 2830 sibi

194 2883 319 2976 fingere
362 2896 476 2975 queat,
502 2879 632 2978 (qualis
674 2893 724 2949 est
762 2879 906 2950 circulus
949 2881 1173 2983 quadratus),

196 3029 380 3098 numquam
405 3002 584 3072 arationis
616 3000 740 3094 judicio
770 3027 884 3070 sensus
914 3003 1065 3088 aberrat,
1094 2997 1120 3072 ἰ.
1146 3029 1185 3072 e..

174 3104 311 3193 ¹sensus
344 3149 382 3191 ea
412 3149 448 3192 re
477 3149 547 3193 non
582 3137 757 3210 movetur,
788 3121 867 3216 quia
896 3123 980 3191 ratio
1005 3147 1075 3191 eam
1101 3148 1183 3193 ora-⁴

197 3249 283 3311 nino
310 3242 422 3312 falsam
456 3264 548 3332 esse,
582 3254 692 3336 neque
725 3265 836 3313 veram
871 3266 940 3311 esse
967 3266 1108 3389 posse,
1119 3247 1177 3335 ju·
1170 3220 1186 3232 ’

196 3360 293 3437 dicat.
748 3376 753 3383 '

157 3522 160 3526 ‡
208 3508 281 3554 a
306 3487 421 3578 Neque
443 3480 584 3553 difficilis
608 3496 658 3552 est
692 3480 842 3552 secundae
876 3458 1065 3579 quaestionis
1089 3497 1178 3552 nac-

149 3673 151 3677 ,
197 3602 304 3689 tatio,
339 3602 498 3697 possitne·
518 3627 560 3672 ae
589 3603 705 3671 debeat
727 3627 855 3673 sensus
889 3615 1019 3675 tantum
1043 3599 1178 3689 -valere,

198 3741 239 3795 ut
272 3726 343 3815 ejus
374 3722 748 3819 auetoritate‘aliquid,
790 3723 881 3820 quod
909 3722 993 3792 ratio
1027 3723 1181 3816 ignoret,

177 3858 276 3920 *tete
298 3848 460 3937 existere,
489 3844 689 3919 credendam
714 3843 792 3915 siti
833 3849 944 3915 Potest
976 3842 1080 3914 enim'
1093 3842 1182 3941 illud
