2678 4584
127 289 228 384 .›ss
382 295 904 363 :nrsrurnrro

90 463 98 516 l
175 479 487 569 animadvertimus,
521 499 554 552 et
584 493 709 554 norunt
740 494 870 573 orantes,
898 484 1161 588 quibus‘aliqua

179 616 228 670 est
247 627 335 670 cum
365 605 557 674 homiuibus
586 621 618 674 et
648 631 724 675 cum
749 607 824 676 vitae
848 611 1031 676 communis
1055 610 1161 678 rebus

178 724 378 810 conjunctio.
417 727 616 795 ‘istiusmodi
647 727 736 796 enim
765 753 876 797 rerum
900 722 1160 798 conturbationi-

176 841 459 939 buquuantopere
482 845 657 915 hominum
675 846 775 915 animi
793 847 834 914 ad
856 846 1046 941 religionem
1064 874 1154 918 contr
1229 926 1230 929 Ἴ

171 960 368 1056 ¹pellantur,
394 964 444 1034 vel
468 964 636 1035 Gallorum
661 965 817 1061 exemplo:
846 965 1006 1044 declarari
1024 983 1164 1061 potest„

178 1107 325 1177 quorum
351 1082 465 1153 inultis
486 1111 565 1154 cunr·
590 1099 665 1154 ante
691 1087 753 1154 hos
774 1084 910 1179 triginta
928 1111 1032 1156 annos
1057 1113 1165 1156 nemo>-

180 1228 295 1297 sapere
323 1204 509 1291 videretur,
538 1205 596 1300 qui
631 1206 778 1275 Volturci
797 1204 1007 1298 aliorumque
1027 1208 1157 1274 Deista-

178 1349 259 1395 ,rum
295 1323 423 1419 scriptis
454 1327 631 1420 quicquam
663 1339 895 1418 anteponeret,
920 1325 1019 1394 iidem
1044 1351 1156 1414 nune,

163 1446 338 1514 ‘aerumnis
361 1461 460 1540 atque
480 1445 649 1515 laboribus
664 1445 820 1532 confecti,
836 1446 874 1515 ia
892 1446 1158 1517 Chateaubrc'un·

81 1566 83 1571 ’
181 1564 223 1633 dr·
243 1563 334 1634 libris
358 1567 578 1660 acquiescunt.

97 1693 108 1706 ‘
139 1682 147 1687 “
171 1730 177 1747 ;
232 1687 473 1780 Exposuimus,
499 1702 662 1782 quant-um
686 1685 789 1756 valeat
806 1711 887 1755 curn
903 1686 1014 1757 infelix
1033 1686 1161 1782 religio·

136 1831 142 1835 ·
183 1805 236 1876 nis
261 1806 422 1892 conditior
436 1812 521 1873 'tum
547 1806 594 1872 rei
618 1803 758 1899 publicae
780 1804 943 1874 calamitas
968 1806 1009 1874 ad
1026 1832 1159 1876 moven-

183 1926 266 1993 dum
298 1923 572 2018 excitandamque
606 1922 703 1992 illum
737 1949 892 2012 sensum,
916 1927 1010 2019 cujus
1033 1927 1160 2019 princi-

73 2049 102 2130 f
183 2059 282 2140 patus
317 2049 543 2136 Mysticr‘smus
578 2043 770 2137 appellatur.
835 2051 878 2114 Et
910 2047 941 2114 si
973 2047 1025 2113 hae
1055 2070 1159 2114 causae

138 2152 142 2161 ⁶
184 2163 375 2257 singulatim
392 2177 520 2233 tantum
539 2161 662 2247 valent,
678 2163 759 2257 quid
778 2163 1004 2255 con-junctim?
1037 2171 1165 2252 Quam-'
1254 2237 1257 2244 ,

185 2308 287 2380 quam
316 2283 404 2353 enim
434 2283 577 2352 dubitari
607 2307 675 2352 uon
705 2297 832 2377 potest,
864 2285 945 2378 quin
970 2283 1163 2353 auriversalis

187 2403 322 2500 quidam
353 2403 520 2498 religionis
554 2418 741 2474 contemtus
770 2404 806 2472 in
834 2402 1019 2473 multorum
1043 2405 1167 2474 animis
1240 2468 1241 2472 ,

181 2552 321 2628 ,sensum
354 2526 809 2620 religiosum'commoturus
838 2524 971 2611 fuisset,
1003 2540 1112 2594 tamen
1134 2526 1171 2599 si

187 2648 293 2717 fausta
323 2646 448 2741 potius,
480 2670 579 2739 quam
610 2645 750 2714 infausta
780 2657 929 2739 tempora
953 2645 1160 2732 incidissent,

187 2766 325 2837 omnino
357 2763 536 2834 verendum
560 2764 694 2850 fuisset,
720 2787 763 2832 ne
787 2764 874 2834 bona
898 2763 1030 2833 fortuna
1053 2779 1087 2832 et
1110 2763 1162 2833 fe-

186 2886 234 2958 lix
259 2911 371 2957 rerum
396 2885 541 2956 conditio
565 2883 653 2954 illius
677 2885 791 2953 sensiis
815 2900 871 2954 aut
896 2900 1025 2954 motum
1055 2886 1162 2953 obru-

188 3023 288 3112 tura,
313 3020 370 3076 aut
393 3019 481 3076 certe
502 3031 615 3082 rocem
641 3028 867 3098 compressum
891 3005 1013 3074 fuisset.
1063 3005 1163 3094 Quod

174 3157 256 3202 non
280 3115 409 3199 tantuin
434 3108 566 3214 Galliae,
599 3128 698 3222 quarn
731 3124 830 3222 paulo
855 3139 931 3195 ante
960 3127 1161 3215 memoravi,

174 3270 306 3323 ‘verum
334 3253 438 3322 etiam
466 3249 568 3345 ipsius
594 3246 776 3318 Germaniae
801 3243 987 3339 exemplum
1011 3245 1161 3315 declarat.

96 3357 103 3365 κ
189 3381 274 3444 Cum
305 3373 393 3440 enim
425 3371 501 3448 inde
529 3397 549 3438 a
572 3370 680 3439 medio
705 3365 824 3437 saeculc
848 3368 1010 3462 superiori
1032 3367 1163 3461 religio·

189 3494 242 3564 nis
272 3517 368 3562 causa
398 3491 431 3558 in
463 3491 557 3584 pejus
582 3515 678 3558 ruere
700 3487 877 3582 coepisset,
901 3488 1048 3582 primum
1073 3485 1164 3556 nulla
1193 3527 1199 3536 ,

188 3596 364 3708 apparebat
402 3609 590 3679 animorum
634 3609 675 3677 ad
710 3608 950 3704 Mysticismum
977 3606 1163 3676 inclinatio.
1244 3602 1246 3606 '

192 3731 318 3806 Scilicet
356 3731 506 3801 nondum
540 3729 708 3825 ingruerat
740 3727 872 3823 publica
896 3727 950 3796 illa
973 3725 1164 3813 calamitas,

70 3907 75 3921 ,
154 3853 344 3935 θεοιιάυηι
375 3866 447 3926 erat
476 3876 632 3950 oppressa
661 3849 804 3925 libertas.
852 3849 924 3947 Sive
953 3870 1174 3945 oppugnare-2
1209 3917 1212 3922 .
