2678 4584
178 262 248 363 ma
438 216 1043 329 utsnursrro'·'

176 457 338 551 rgnorare
372 451 521 524 bifariam
555 449 681 547 accipi,
710 464 749 520 ut
780 466 838 531 aut
862 453 937 543 ejus
960 451 1011 527 rei,
1031 476 1072 522 ne
1095 479 1165 543 no-

177 577 306 667 ,tionem
330 571 465 671 quidem
497 571 697 660 habeamus,
727 589 803 657 aut,
827 573 857 642 si
879 573 1013 666 quidem
1038 573 1164 644 habeo-

181 720 281 780 mus,
302 696 508 778 nesciamus,
532 689 785 789 sitnealiquid,
809 694 900 787 quod
926 693 1006 763 huic
1029 694 1161 763 notioni
1252 776 1256 791 ι

181 811 410 908 respondeat?
448 813 592 905 Atqui,
629 813 657 882 si
675 811 785 903 ¹nulla
820 812 932 887 auimo
968 812 1165 891 obversatur

178 934 312 1027 imago,
348 933 370 1002 i.
401 957 429 1001 e.
461 932 488 1001 si
518 933 588 1020 ejus
625 932 672 1031 rei
706 958 754 1007 ne,
780 933 814 1003 in
845 947 995 1009 mentem,
1026 935 1163 1026 quidem

183 1077 342 1147 umquam
377 1055 487 1145 venit,
519 1053 596 1121 satis
620 1068 765 1147 apparet
795 1077 928 1143 sensum
962 1079 1004 1121 ue
1035 1054 1164 1133 moveri

170 1173 318 1269 ,quidem
343 1197 447 1266 posse.
496 1171 687 1243 Antecedit·
703 1172 792 1253 euim
822 1172 938 1247 sensds
962 1174 1165 1241 commotio-

182 1318 260 1363 nem
284 1291 331 1360 rei
354 1293 590 1387 commoventis
615 1290 705 1361 idea:
738 1317 847 1387 neque
869 1272 1049 1387 Mysticus,
1075 1272 1159 1386 pro-

183 1411 255 1506 prie
280 1411 325 1480 ita
353 1410 483 1488 dictus,
517 1435 674 1507 umquam
708 1409 792 1497 fuit,
818 1413 913 1502 cujus
937 1413 1070 1498 animo,
1089 1417 1163 1481 'au-

183 1508 317 1625 tequam
355 1555 373 1598 a
405 1535 475 1600 Deo
510 1555 544 1598 se
580 1529 740 1624 singulari
779 1532 920 1626 quadam
957 1531 1149 1620 rationeaf

184 1651 238 1728 fici
269 1664 302 1718 ct
335 1649 537 1719 commoveri
575 1650 733 1742 sentiret,
762 1676 830 1720 non
867 1653 925 1720 Dei
952 1651 1044 1721 notio
1075 1652 1166 1731 inse-

182 1769 277 1839 derit.
327 1769 383 1838 Sin
414 1793 492 1839 vero
521 1763 688 1843 habemus,
717 1767 865 1863 aliquam
895 1768 983 1838 illius
1020 1769 1067 1838 rei
1098 1795 1166 1841 no-

181 1890 331 1976 tionem,
359 1914 427 1993 nec
455 1903 564 1959 tamen
599 1889 683 1958 ratio
713 1862 826 1961 utrum
853 1889 900 1982 sit
927 1887 989 1969 >illa
1023 1915 1073 1958 res
1102 1913 1165 1979 nec

183 2035 248 2096 ne,
286 2009 400 2097 novit,
433 2009 558 2080 moveri
594 2035 708 2080 sensus
749 2025 899 2103 potest,
917 2010 1052 2092 docere,
1090 2033 1165 2081 eam

184 2155 256 2199 rem
286 2156 359 2199 vere
383 2130 542 2216 existere,
561 2155 629 2198 non
652 2144 770 2223 potest.
822 2129 950 2222 Cuique
972 2129 1062 2198 enim
1088 2155 1165 2217 nos·

184 2264 276 2319 trum
305 2275 390 2344 saepe
418 2274 482 2319 usu
509 2250 644 2336 evenit,
670 2263 769 2343 atque
783 2247 907 2344 ,paulo
922 2263 1006 2319 ante.
1020 2275 1045 2337 ¹a
1068 2250 1166 2338 nobis

182 2369 447 2439 animadversum
487 2382 565 2463 est,
605 2393 739 2438 sensum
760 2350 865 2471 'affici
891 2393 997 2464 ,posse
1015 2370 1166 2457 nebus,

183 2515 265 2584 quas
297 2488 381 2558 ratio
409 2487 654 2559 commenticias
689 2513 780 2583 esse,
813 2489 973 2582 doceat...
996 2489 1029 2559 Si
1061 2488 1166 2582 igitur

184 2608 353 2705 phantasia
376 2607 463 2676 idem
492 2607 621 2681 efficere
648 2624 779 2703 potest,
809 2608 899 2703 quod
913 2609 997 2703 ,ipsa
1026 2610 1165 2699 veritas,

181 2729 217 2800 in
253 2731 368 2798 sensus
412 2730 636 2831 commotione
672 2727 803 2800 nullum
837 2730 925 2826 inest
959 2729 1029 2820 veri
1061 2753 1166 2823 argu-

183 2863 345 2921 mentum.
827 2935 830 2945 >
967 2922 972 2935 ‚
1131 2927 1137 2942 ,Α

232 2969 266 3040 3.
299 2969 476 3053 Veniamus
506 2970 564 3065 ad
581 2969 711 3054 tertiam
744 2960 985 3063 questionem,
1018 2968 1045 3039 si
1081 2968 1165 3062 ratio

182 3087 326 3185 aliquam
358 3115 429 3160 rem
466 3115 543 3179 rere,
578 3091 716 3187 existere
750 3090 904 3186 doceat,
923 3089 1016 3184 cujus
1055 3103 1164 3181 tamen

182 3227 343 3284 naricam
375 3213 541 3306 cognitam
583 3191 652 3308 ¹uon
683 3210 831 3297 habeat,
867 3212 1021 3306 possitne
1050 3236 1165 3293 sensus

181 3329 271 3403 illius
307 3333 354 3401 rei
384 3347 536 3404 naturam
572 3315 785 3427 patefacere?
834 3330 885 3401 Ad
919 3355 1019 3424 quam
1055 3355 1165 3424 quaes·
1196 3392 1198 3399 ,

180 3453 326 3540 tionem,
357 3477 399 3520 ne
428 3451 593 3546 longiores
612 3451 751 3537 simus,
784 3476 883 3544 quam
916 3476 1000 3545 opus
1025 3465 1095 3535 est,
1121 3433 1177 3519 ita*

181 3572 475 3668 respondebimus,
513 3587 550 3641 ut
574 3573 670 3640 unice
694 3574 727 3640 iu
753 3571 851 3641 rebus
886 3567 1166 3665 intelligibilibus,

182 3707 217 3762 et
250 3691 292 3761 ad
328 3691 520 3787 religionem
554 3692 818 3785 pertinentibus,
864 3706 1013 3761 versetur
1046 3687 1164 3780 oratio.

182 3809 338 3892 Praeclare
371 3813 468 3885 nobis
501 3812 631 3901 videtur
666 3820 813 3909 Kantius
847 3811 1037 3907 repressisse
1060 3808 1143 3895 auda
