2678 4584
390 295 450 341 ne
491 275 973 347 MYSTICISMO.
1120 275 1170 374 67

194 481 244 536 ter
274 491 308 534 se
332 465 476 558 positas,
506 465 669 560 despicere
692 467 829 560 possint.
880 466 1171 554 Quemadmodum
1271 496 1277 511 ¹
1324 484 1328 493 '

142 619 146 626 ·
195 586 282 653 enim
314 585 404 654 navis
429 586 554 655 vortice
575 588 804 680 intorquetur,
830 588 876 656 sic
904 603 1091 680 temporum
1113 612 1172 674 ca-

196 702 323 774 lamitas
350 720 493 773 mentem
505 758 516 791 ,
540 731 673 789 curam,
699 708 930 800 cogitationem
948 708 1034 801 rapit
1056 708 1096 775 ad
1116 731 1173 776 se·-

197 849 242 894 se.
293 833 371 913 Quo
393 825 449 910 fit,
476 839 515 893 ut
536 850 629 893 mens
654 824 779 894 facilius
806 842 904 921 atque
926 827 1063 920 pronius
1088 825 1172 912 alte·

198 969 269 1014 ram
289 943 377 1014 illam
403 946 487 1013 viam
516 946 734 1039 ingrediatur,
755 960 856 1048 atque
881 947 913 1014 in
937 947 1041 1015 ruinis
1058 971 1096 1016 ac
1111 971 1172 1042 pa-

198 1065 322 1133 rietinis
348 1065 395 1133 rei
419 1063 560 1158 publitm
581 1065 713 1134 lraereat.
762 1072 836 1136 Non
862 1092 930 1160 quo
953 1065 1171 1156 delectemur,

197 1185 253 1252 sed
287 1188 363 1278 quia
390 1182 563 1278 spectaculi
597 1210 657 1254 nos
689 1184 789 1254 trahit
822 1187 983 1256 atrocitas.
1041 1194 1080 1256 In
1110 1214 1173 1283 pa-

196 1307 268 1374 triae
286 1321 396 1374 autem
415 1330 451 1374 ac
472 1299 631 1373 libertatis
663 1305 797 1375 interitu
825 1305 926 1376 semel
955 1307 1055 1376 infixa
1079 1309 1177 1402 cogi-

195 1426 340 1512 tatione,
369 1426 443 1519 quis
465 1426 594 1492 tandem
619 1424 814 1519 tranquillus
830 1450 900 1495 esse
924 1426 1050 1521 possiti)
1098 1433 1174 1498 Non

194 1549 385 1612 Graecorum
419 1549 712 1636 Romanorumque
746 1566 796 1612 res
817 1547 947 1638 agitur,
970 1547 1026 1615 sed
1053 1563 1173 1617 nostra

192 1662 343 1748 libertas,
359 1678 476 1732 costra
490 1661 613 1756 patria,
631 1687 707 1756 quae
722 1688 788 1731 una
806 1689 920 1732 omnes
934 1665 1084 1734 onmium
1096 1668 1176 1762 eari-

195 1798 277 1853 tates
299 1782 538 1877 complectitur.
576 1789 647 1852 Hac
661 1798 770 1852 autem
790 1784 909 1854 urentis
923 1787 1181 1856 conturbatione

194 1905 222 1972 si
252 1903 335 1972 ratio
362 1903 561 1997 impeditur,
584 1903 687 1996 magis
711 1905 808 1973 etiarn
838 1905 878 1974 de
900 1920 987 1974 statu
1014 1932 1080 1984 suo,
1100 1932 1173 1978 eam

154 2020 159 2031 '
194 2024 303 2117 dejicit
324 2024 469 2092 tristium
491 2023 673 2117 imaginum
702 2023 883 2094 r'nultitudo
901 2051 976 2094 cum
1003 2026 1088 2096 tristi
1113 2053 1177 2097 co-

194 2144 353 2237 gitatione
389 2145 572 2233 conjuncta.
623 2148 705 2230 Quae
735 2142 802 2212 illae
829 2144 1017 2238 imagines?
1065 2148 1173 2242 Majo-

194 2289 270 2332 rum
291 2263 407 2331 amissa
433 2262 556 2357 gloria,
582 2279 693 2339 nostra
712 2261 816 2349 labes,
838 2263 976 2334 aliarum
998 2268 1173 2339 nationum

93 2398 95 2402 “
195 2383 329 2467 irrisus,
351 2384 542 2477 impotentis
562 2383 795 2450 dominationis
820 2381 992 2476 iniquitas,
1017 2410 1088 2454 sors
1110 2412 1178 2478 pa.

195 2517 352 2590 rentum,
371 2527 537 2588 uxorum,
560 2499 762 2586 liberorum,
792 2517 1030 2596 cognatorum,
1065 2519 1177 2578 metus

187 2600 308 2702 ,rerum
334 2624 554 2706 ¹futurarum,
584 2622 655 2716 ipsa
689 2635 803 2690 nostra
837 2621 903 2690 vita
938 2647 1007 2691 non
1036 2623 1144 2696 vitalis
1161 2681 1195 2716 ,Α

188 2743 322 2811 'infinita
353 2740 424 2810 alia.
473 2723 631 2810 Potestne
654 2740 777 2809 mirum
811 2741 966 2836 cuiquam
996 2744 1117 2833 videri,
1143 2747 1174 2816 si

192 2862 354 2959 plurimi,
397 2876 447 2931 tot
483 2887 594 2930 rerum
634 2861 843 2930 adversarum
874 2877 972 2956 atque
1004 2862 1172 2936 tantarum

194 2982 408 3053 multitudine
446 2982 582 3070 obruti,
618 3006 732 3049 earum
765 2987 1006 3073 cogitationem
1034 2987 1067 3052 in
1090 3008 1175 3053 sen.

192 3130 266 3174 sum
295 3117 508 3191 convertunt,
533 3101 696 3170 moeroris
717 3098 881 3195 plenum?
926 3105 1031 3188 Nam,
1051 3128 1173 3196 quem.

193 3225 373 3293 admodum
407 3237 482 3292 ante
520 3222 688 3305 diximus,
724 3234 796 3288 tum
830 3222 999 3290 sentiendi
1036 3222 1175 3294 facultas·

193 3344 278 3413 affici
307 3368 345 3412 ac
372 3342 496 3411 moveri
522 3340 625 3428 solet,
654 3366 731 3411 cum
757 3339 891 3409 facultas
916 3346 1097 3436 engelandr‘
1116 3345 1173 3413 ni·-
1227 3402 1235 3411 ,,
1283 3348 1289 3355 ’

193 3463 261 3533 mia
286 3463 428 3530 materiae
446 3460 533 3530 mole
548 3461 772 3556 opprimitur,
789 3461 830 3528 de
847 3487 913 3555 qua
929 3462 1103 3558 digerenda
1117 3464 1174 3545 de,-

192 3596 312 3677 speret.
364 3588 444 3668 Quae
472 3582 605 3650 materia
639 3581 665 3650 si
691 3595 817 3650 constet
845 3583 943 3651 rebus
967 3574 1109 3670 acerbis,
1131 3585 1175 3654 ad
1240 3623 1242 3626 ⁴
1289 3627 1292 3636 ·

194 3727 259 3770 uos
295 3700 558 3795 pertinentibus,
587 3716 659 3768 turn
694 3715 786 3770 tanto
819 3701 944 3770 facilius
971 3716 1070 3772 omne
1108 3706 1178 3775 boo

194 3818 414 3893 calamitatum
448 3820 579 3916 pondus
608 3824 729 3892 sensus
760 3820 880 3923 excipit
892 3873 904 3910 ,
939 3807 1064 3916 quanto
1093 3822 1187 3899 lon,-
