2678 4584
172 253 240 352 196
422 243 940 322 nrsru-rarro..

163 443 408 518 tiscntentiam
435 445 631 541 Schellmgr't'
651 445 696 514 ita
713 439 918 539 interpretati
941 458 1042 534 sunt,
1066 471 1147 542 qua·

165 567 194 656 si
215 565 256 638 de
278 571 348 637 Deo
374 588 483 636 sermo
512 579 617 650 esset,
639 559 782 658 rumque
809 563 876 632 lroc
892 587 1005 634 sensu.
1056 572 1146 655 Quo·

165 711 244 757 rum
271 686 302 755 si
328 709 405 756 vera
430 699 515 755 esset
546 682 791 779 interpretatio,
830 681 865 751 in
893 688 983 773 Deo,
1012 699 1147 757 auctore

164 806 390 900 Schellr'ngzb,
423 819 511 874 esset
540 801 676 900 aliquod
709 801 932 898 principium,
970 824 1040 875 non
1075 804 1149 902 qui·

166 926 243 996 dem
268 925 310 994 ab
330 949 370 995 eo
389 923 594 1019 separatum,
619 923 677 993 sed
699 935 809 993 tamen
836 922 878 991 ab
902 947 941 993 eo
962 901 1149 1016 diversum,

164 1045 240 1142 ipso
261 1050 331 1114 Deo
360 1042 606 1138 quodammodo
632 1041 726 1138 prius
749 1041 994 1140 etantiquius,
1024 1044 1151 1141 quippe

162 1188 189 1234 e
216 1188 284 1259 quo
313 1168 402 1251 Deus
435 1162 634 1249 manaverit,
658 1187 728 1233 non
759 1176 891 1232 tantum
912 1169 1001 1233 Deus
1028 1161 1083 1233 ille
1113 1165 1149 1235 in

56 1362 64 1378 s
165 1299 284 1354 rerum
302 1262 431 1353 -naitura
455 1306 491 1353 se
514 1281 743 1389 manifestans,
769 1284 1006 1352 verumetiam
1035 1309 1149 1379 perse

162 1404 319 1476 existens.
374 1401 560 1472 Fatendum
593 1416 705 1472 tamen
731 1415 805 1489 est,
826 1401 1091 1499 Schellingritm,
1120 1403 1149 1475 si

164 1523 204 1594 in
231 1547 294 1611 eo,
327 1545 427 1616 quem
452 1521 647 1611 citavimus,
671 1519 756 1592 libro
783 1546 852 1592 non
877 1524 959 1611 satis
977 1514 1150 1620 perspicue

59 1703 62 1714 ,
164 1641 299 1715 locutus
332 1642 397 1729 sit,
430 1642 465 1711 in
502 1641 564 1713 alia
594 1657 705 1712 tamen
743 1642 922 1738 scriptione
952 1647 1148 1717 sententiam

164 1789 262 1834 suam
297 1762 343 1832 ita
373 1760 586 1857 explicuisse,
620 1778 661 1833 ut
689 1748 870 1856 appareat,
900 1788 978 1834 eum
1011 1790 1080 1836 non
1108 1766 1151 1836 de

165 1888 256 1970 Deo,
286 1882 355 1951 sive
384 1880 425 1950 de
460 1878 639 1968 Absolute,
659 1905 731 1977 per
751 1906 790 1950 se
816 1881 995 1974 existente,
1028 1886 1086 1954 sed
1109 1885 1163 1954 de,

164 2007 255 2089 Deo,
276 2006 318 2070 t‘rz
346 2023 455 2069 rerum
474 2017 602 2070 natura
623 2025 661 2071 se
679 2001 935 2096 patefaciente,
963 2002 1092 2101 loqui(
1121 2006 1149 2097 ).

165 2126 283 2216 Itaque
310 2117 394 2215 illud
421 2118 557 2204 demus,
579 2143 621 2188 ne
650 2117 804 2213 injuriam
831 2118 935 2189 facere
960 2122 1150 2194 acutissimo
1223 2178 1226 2185 f

165 2229 240 2310 viro
279 2236 461 2307 videamur.
512 2237 681 2326 Quaeritur
710 2253 844 2327 autem,
872 2237 969 2334 quale
994 2241 1037 2311 sit
1067 2241 1152 2314 illud

166 2356 421 2430 tundamentum
458 2355 539 2443 Dei,
567 2363 604 2426 in
632 2381 742 2427 rerum
765 2357 896 2429 caturci
918 2387 956 2429 se
982 2367 1081 2432 mani
1095 2390 1151 2432 es-

165 2479 308 2550 tantu?
366 2481 471 2547 Decet
500 2478 738 2573 Schellirrgtur,
768 2461 860 2574 duod
884 2480 983 2552 etiam
1006 2483 1153 2580 resipsa

204 2893 255 2967 (e)
283 2893 394 2966 Algem.
428 2893 597 2967 zeitschrift
623 2913 678 2950 ven
708 2899 866 2950 Deutrcten
890 2900 949 2970 frit
972 2897 1152 2965 Deuteclrerr,

98 2991 101 2996 '
168 3007 230 3062 pag.
254 2994 298 3056 98.
334 3005 351 3039 n
369 2987 429 3040 Das
443 2986 574 3043 Urwesen
598 2989 665 3044 oder
690 2989 736 3045 die
759 2990 966 3060 urantinglr'che
992 2991 1047 3044 und
1072 2993 1154 3044 abso·

169 3100 189 3135 2
206 3087 264 3136 late
281 3083 362 3152 erige
380 3079 511 3136 Gottheit
537 3092 608 3137 setae
633 3083 679 3138 ich
696 3102 747 3140 vor
763 3085 818 3137 und
836 3085 905 3136 uter
922 3085 1001 3136 allem
1019 3083 1152 3150 (hunde,

170 3192 194 3228 ι
205 3176 263 3228 ond
281 3177 352 3229 reda.
363 3176 394 3228 in
413 3176 501 3229 dieser
528 3173 681 3248 Beeiehung
698 3179 794 3230 immer
812 3193 866 3232 run
884 3178 946 3228 dem
963 3175 1095 3244 Grande,
1114 3182 1155 3232 als

169 3285 189 3323 υ
207 3285 262 3324 ron
279 3270 368 3323 einem
394 3269 526 3338 Princip,
551 3270 599 3322 des
617 3270 687 3324 Gon
710 3273 740 3323 ie
760 3270 823 3324 <rich
838 3299 874 3314 -
891 3271 920 3322 in
939 3271 1039 3324 seinem
1056 3271 1156 3326 Urwe-

170 3378 190 3416 ι
207 3379 254 3416 sen
271 3358 329 3413 hat.
365 3359 403 3412 Es
428 3362 464 3414 ist
486 3364 543 3414 also
568 3363 675 3429 salsch,
695 3364 758 3416 dasz
776 3363 845 3416 Gott
867 3362 1019 3432 iiberhanpt
1036 3366 1091 3418 und
1108 3366 1158 3418 in-

171 3471 191 3509 »
208 3451 343 3510 direntes
366 3472 414 3506 ene
434 3455 497 3507 dem
522 3454 635 3509 Grande
660 3455 848 3526 hervorgehe,
877 3458 903 3509 d.
930 3457 957 3509 h.
985 3460 1078 3512 sciren
1095 3447 1176 3518 Ur-,

170 3565 192 3603 θ
208 3567 309 3619 sprung
331 3566 381 3601 eus
405 3547 466 3601 dem
491 3547 606 3602 Grande
624 3549 752 3603 nehme.”
791 3552 872 3604 Plura
891 3534 926 3602 ad
943 3551 1157 3617 confirmandum

170 3641 246 3697 lianc
277 3641 485 3712 schellingianee
511 3643 648 3696 sententie
675 3644 931 3713 interpretationem
957 3646 1050 3733 attulit
1076 3643 1157 3695 Ano·

171 3752 289 3807 mne,
309 3726 454 3792 lt'etruolrt.
472 3735 542 3794 tiber
558 3738 611 3794 aar
626 3740 855 3812 gegerrrrr‘r'rtigeo
877 3738 1005 3793 Zeuma
1020 3736 1069 3791 der
1078 3737 1158 3792 I'lu'-v
1228 3724 1229 3728 ἵ

172 3831 224 3890 tor.
238 3849 270 3906 p.
290 3831 350 3905 ¹47·
366 3847 429 3905 sqq.
544 3851 552 3872 ν
908 3831 914 3838 ’
