2678 4584
90 256 98 266 ”
184 313 257 364 20·
443 295 963 362 nrsrurnrro-

184 486 336 557 tullicere
362 484 515 556 arbitror.
567 484 707 574 Qualem
730 475 949 580 Schellc'ogzhs
973 481 1165 581 religionem

183 605 319 700 cupiat,
353 606 422 700 ipse
454 605 583 676 viderit.
631 596 719 675 Illud
742 607 834 693 scio,
857 606 884 674 si
911 603 1077 700 religionis
1101 632 1166 679 vox

183 725 357 796 communi
387 739 421 793 et
452 726 573 796 usitato
591 745 704 795 'sensu
727 725 926 820 accipiatur,
952 724 1036 795 nihil
1061 727 1166 820 magis

180 871 204 917 a
226 843 383 937 religione
407 844 552 916 alienum
577 871 647 916 esse
670 871 788 942 posse,
807 871 907 940 quam
926 845 1014 917 illius
1028 851 1088 918 Dei
1105 875 1167 919 no·

183 966 329 1053 tionem,
359 966 419 1060 qui
452 991 560 1061 neque
581 968 727 1037 ¹moralis
758 967 885 1036 z'ndolu
911 967 975 1051 sit,
1008 982 1041 1037 et
1070 992 1166 1038 coeeo

135 1143 153 1151 ,
182 1092 395 1179 rationalique
425 1103 564 1182 experte
589 1093 713 1182 impetu
746 1087 787 1155 ad
819 1085 983 1181 agendum
1019 1087 1165 1180 seratur,

182 1221 217 1276 et
240 1206 355 1276 eodem
376 1205 434 1276 illo
459 1207 587 1302 impetu
609 1208 737 1277 malum
760 1232 801 1275 ex
823 1231 858 1276 se
883 1207 988 1301 pariat
1010 1207 1074 1302 (d).

232 1333 310 1396 Hoee
332 1324 373 1396 de
394 1332 465 1399 Deo
494 1353 532 1396 ae
557 1327 597 1396 de
621 1326 791 1420 religione:
819 1325 987 1397 videamus
1013 1327 1053 1397 de
1072 1328 1164 1398 orbi·

147 1507 148 1510 ,
180 1453 241 1516 ent·
269 1472 314 1516 ac
343 1446 525 1518 voluntatis
556 1446 725 1534 libertate,
754 1445 823 1515 sine
852 1471 918 1540 qua
939 1472 1007 1517 non
1033 1462 1163 1519 tantum

88 1548 92 1555 ¹
180 1567 311 1654 virtus,
336 1566 393 1636 sed
415 1593 457 1637 ne
479 1567 619 1654 vitium,
645 1566 780 1660 quidem
805 1591 875 1636 esse
897 1583 1016 1662 potest.
1066 1573 1164 1662 Mag-

179 1713 226 1758 na
241 1674 306 1757 'hio
330 1714 446 1759 rursus
469 1688 667 1782 opinionum
692 1687 829 1756 varietas
852 1701 911 1756 est.
967 1688 1034 1775 Qui
1057 1689 1165 1758 Sclzel·

179 1811 322 1901 lingeuro
348 1825 553 1904 sequuntur,
580 1807 792 1877 vehementer
819 1804 980 1896 clamant,
1002 1808 1086 1879 nihil
1103 1811 1164 1880 ini·

180 1929 282 2023 quius
313 1929 346 1996 in
371 1929 463 1997 hune
490 1928 592 1996 beatae
625 1926 700 1996 vitae
724 1916 940 1998 architectum
965 1929 1030 1999 dici
1050 1956 1164 2024 posse,

180 2074 283 2143 quam
313 2045 386 2116 tolli
416 2049 458 2116 ab
494 2073 534 2130 eo
564 2045 749 2116 libertatem
779 2047 849 2140 (e).
899 2053 942 2114 Et
972 2063 1059 2116 reete
1083 2051 1163 2142 qui.

181 2169 281 2254 dem,
298 2168 325 2236 si
352 2167 548 2256 Schelllngii
568 2188 722 2234 sermone
747 2181 849 2236 utare.
885 2165 934 2236 >Si
959 2167 1049 2236 enim
1071 2185 1163 2238 eate·
1187 2159 1190 2164 ’

151 2269 153 2271 ’
179 2312 246 2357 nus
265 2301 396 2355 tantum
425 2311 560 2371 sumus,
583 2299 745 2379 quatenus
773 2285 808 2354 in
833 2284 995 2357 Absoluto
1023 2313 1162 2377 sumus,

177 2404 380 2478 Absolutum
408 2421 519 2479 autem
544 2403 687 2478 liberum
713 2421 788 2494 est,
816 2431 872 2477 eos
901 2408 1018 2494 etiam,
1046 2408 1163 2504 quiin

179 2526 343 2598 Absoluto
368 2528 456 2614 sint,
480 2524 601 2596 liberos
632 2551 718 2613 esse,
750 2552 878 2596 neeesse
900 2543 958 2598 est.
1009 2530 1070 2597 Sed
1092 2530 1189 2600 haec'

133 2734 142 2753 l
179 2648 251 2742 ipsa
275 2645 408 2715 libertas
429 2671 545 2715 rursus
565 2645 715 2717 mirabile
739 2648 819 2740 quid
838 2661 870 2716 et
891 2648 1084 2719 inusitatum
1101 2665 1161 2722 est.

180 2753 267 2837 Cum
303 2765 392 2841 enim
432 2765 468 2835 in
504 2763 667 2840 Absoluto
693 2767 804 2837 eadem
834 2766 876 2835 sit
906 2765 1054 2854 libertas,
1086 2794 1162 2863 quae

174 2894 385 2974 necessitas,
404 2883 555 2980 sequitur
571 2900 718 2957 nostram
741 2887 837 2954 etiam
859 2883 1064 2975 libertatem,
1080 2914 1161 2982 qua·

179 3024 278 3078 tenus
308 3007 342 3076 in
368 3005 533 3076 Absoluto
558 3006 682 3091 simus,
719 3004 803 3074 nihil
829 3003 919 3074 aliud
947 3031 1037 3096 esse,
1055 3010 1158 3104 quam

180 3131 424 3209 necessilatem.
475 3127 537 3199 Hie
559 3141 608 3196 est
629 3124 802 3222 peculiaris
827 3127 1022 3227 Schellc'ngii'
1036 3156 1159 3204 sermo:

215 3533 256 3606 (dl
274 3537 354 3596 Cous.
372 3539 452 3592 etiam
467 3542 504 3590 D.
518 3541 648 3604 renitet,
663 3504 760 3596 Kriiik
774 3541 822 3591 deo
835 3541 1061 3612 dogmatiaehen,
1080 3541 1160 3592 idea-

180 3636 296 3716 lirtiselz.
319 3635 563 3706 undlhyperideol.
580 3637 673 3705 Relig.
693 3637 751 3693 nard
766 3636 1016 3704 Morol-Systeme,
1033 3653 1059 3702 p,
1079 3635 1136 3686 182.

167 3799 171 3803 .
218 3729 256 3796 (a)
278 3727 342 3780 Vid.
362 3745 387 3784 r.
404 3747 430 3782 c.
448 3727 587 3786 Betraclat·
606 3729 689 3789 uther
713 3732 766 3787 <len
784 3748 907 3803 gegenw-
926 3733 1004 3787 ΖΝ.
1022 3729 1070 3784 dor
1086 3727 1162 3784 Phia·

178 3822 228 3883 lu.
243 3839 272 3896 p·
290 3819 348 3878 151.
904 3837 908 3843 ·
