2678 4584
1136 128 1147 158 l

312 295 316 300 ’
387 309 444 380 nn
483 278 964 386 Mtsrtctsttu
1094 291 1165 390 173

185 505 287 554 mune
321 479 428 551 habet.
479 483 517 549 ln
548 477 709 550 Absoluto
739 477 861 550 eudem
891 493 987 568 sunt,
1023 504 1097 576 quae
1125 482 1164 557 iu
1216 574 1220 585 Ι

183 628 297 674 rerum
319 616 436 671 natura
457 614 535 670 sunt
559 600 733 692 dt'ssitndct
756 614 854 694 atque
881 608 1054 672 contraria
1082 603 1163 701 (p),

156 790 159 801 ,
235 724 471 817 Schellingiur,
502 735 540 790 ut
562 718 662 814 paulo
688 735 768 808 ante
790 719 953 810 diximus,
984 724 1162 797 assentitur

186 848 330 931 Kantto,
363 841 408 910 ita
437 838 575 923 dicenti,
606 845 739 910 ratione
772 845 879 910 Deum
911 839 1064 936 cognosci
1091 868 1161 918 nou

184 987 291 1058 posse.
340 960 402 1030 Sed
434 959 614 1046 Kanum,
647 958 747 1029 fracta
778 958 914 1030 rationis
945 962 1161 1054 auctoritate,

185 1106 319 1152 omnem
354 1104 465 1149 rerum
497 1075 752 1174 intelligibilium
794 1079 962 1167 scientiam
997 1082 1162 1157 sublatam

184 1226 271 1290 esse,
291 1200 465 1291 judicabat.
514 1203 589 1268 Non
610 1198 836 1292 suspicabatur
864 1201 1046 1290 nimirum,
1063 1204 1161 1276 dem..

183 1335 218 1391 ta
244 1320 395 1408 ratione,
425 1315 515 1386 aliud
541 1317 639 1386 etiam
671 1317 870 1410 cognitionis
899 1318 1160 1397 instrumentum

186 1440 284 1510 nobis
305 1436 458 1531 relinqui.
508 1442 622 1532 Itaque
644 1436 678 1507 in
697 1436 833 1506 rationis
850 1435 961 1508 locum
985 1441 1163 1514 substitue·

186 1551 241 1627 bat
258 1557 372 1650 fidem
390 1561 596 1652 practicam.
646 1561 685 1623 ln
720 1580 787 1650 quo
811 1556 1023 1631 vehementer
1053 1561 1096 1631 ab
1121 1587 1163 1634 eo

184 1675 333 1746 dissentit
364 1671 603 1768 Schellt'ngt'tts3
634 1672 758 1768 quippe
789 1674 865 1770 qui,
904 1679 996 1772 quod
1034 1681 1164 1754 rationo

185 1795 257 1866 fieri
287 1806 444 1888 nequeat,
472 1792 505 1861 id
534 1798 716 1863 tutatione
739 1795 965 1867 Intellectuali
982 1797 1054 1868 fieri
1076 1825 1160 1871 con·

182 1916 306 1984 tendat.
355 1919 430 1984 Non
458 1911 650 2005 cogitando,
672 1911 797 2006 inquit,
819 1928 853 1983 et
874 1915 1062 1989 meditando
1086 1922 1159 1991 Ab·

184 2033 333 2105 solutum
357 2030 582 2126 assequimur,
611 2030 667 2105 sed
696 2029 816 2101 mentis
834 2031 952 2136 oeulis
979 2044 1164 2140 cemtimtr..

196 2280 1160 2324 m·

218 2460 267 2531 (p)
287 2459 359 2511 Hine
385 2458 566 2526 intelligitur,
593 2475 675 2527 quare
699 2457 730 2510 in
750 2461 877 2530 Spinozoe
895 2461 1023 2516 dochini
1039 2467 1152 2539 minor,

184 2572 262 2623 quam
286 2553 317 2603 in
339 2551 519 2622 schellingii,
544 2550 585 2603 vis
607 2549 752 2618 phantasiae
771 2553 816 2605 sit.
850 2555 968 2627 spinosa
984 2560 1076 2626 enim,
1095 2578 1157 2616 cum

182 2662 227 2699 res
242 2663 289 2714 per
307 2662 334 2696 se
352 2644 389 2695 ita
407 2661 479 2706 esse,
505 2651 535 2694 ut
551 2652 732 2711 apparerent,
749 2646 928 2712 existimaret,
948 2649 979 2702 in
996 2669 1086 2706 rerum
1103 2672 1160 2708 na«

171 2747 240 2792 tura
266 2735 442 2800 subsistebat,
469 2751 518 2786 nec
546 2752 612 2804 opus
636 2736 757 2803 eierat,
777 2743 1155 2813 menteetcogitstioneul·

180 2833 266 2886 terius
287 2829 423 2900 progredi.
460 2828 592 2882 Naturam
617 2813 724 2898 quidem
746 2833 845 2901 (quam
862 2833 910 2888 ille
927 2834 1015 2889 Deum
1038 2842 1156 2909 appella·

173 2925 245 3004 bat)
275 2925 380 2976 induite
405 2930 538 2973 extensam
563 2939 617 2974 esse
644 2923 770 2976 dicebat:
806 2929 883 2994 cujus
908 2927 1052 2984 infinitatis
1076 2934 1154 2988 nulls

180 3020 238 3072 sius
262 3015 400 3086 phantasia
426 3015 503 3066 notio
530 3024 579 3068 est.
615 3013 669 3069 Sed
693 3008 752 3069 hate
771 3016 916 3085 phantasia
942 3022 1065 3091 Spinozoe
1082 3043 1153 3082 com.

179 3111 269 3164 munis
295 3118 334 3161 est
356 3126 415 3160 cum
439 3108 535 3160 ceteris
552 3107 675 3161 omnibus
691 3106 862 3179 philosophis
880 3129 912 3165 ac
929 3112 1084 3187 theologis,
1103 3121 1153 3191 qul

109 3243 112 3247 ,
166 3202 268 3264 ΙΒοιιιιι
286 3208 341 3253 esst
365 3201 500 3252 infinitum
526 3208 653 3271 statuunt.
693 3192 877 3285 schellingius
898 3207 996 3261 contri
1021 3213 1100 3282 ffers
1124 3231 1154 3270 ω

171 3315 259 3367 ..ψει
283 3313 372 3348 rerum
395 3304 534 3360 naturam,
554 3313 653 3365 quum,
671 3303 702 3350 ut
716 3297 833 3369 Spinozu
849 3297 956 3367 Deum,
974 3302 1015 3356 sie
1032 3306 1080 3361 ille
1096 3311 1154 3362 Ni.

170 3393 223 3445 dii
239 3407 295 3443 esse
312 3388 388 3441 dicit
417 3387 511 3459 ltaque
527 3398 684 3458 perpetuum
701 3390 728 3442 ei
744 3379 805 3442 cum
822 3389 998 3462 Experieutis
1014 3387 1151 3458 certamen

164 3494 236 3550 nst,
255 3502 313 3553 quaa
331 3480 454 3549 profecto
472 3483 546 3535 vinci
564 3484 622 3537 sina
637 3480 778 3551 phantasia
796 3499 851 3537 non
868 3496 964 3557 potest.
991 3493 1152 3556 Absolutum

164 3580 265 3644 anim,
292 3575 366 3645 quod
387 3575 572 3648 &bellingius
588 3576 706 3645 quaerit,
725 3593 814 3629 rerum
832 3580 998 3633 sensibilium
1015 3573 1151 3655 tamquam

176 3674 238 3727 velo
264 3669 401 3722 obtentum
426 3675 474 3719 est.
511 3667 544 3719 ln
568 3667 621 3720 boc
641 3677 728 3732 auten
746 3670 901 3725 Absolutum
919 3674 977 3726 acie
994 3679 1092 3731 mentis
1106 3681 1150 3754 ¹ita

174 3762 368 3832 penetrandum
396 3769 459 3825 est,
486 3761 562 3829 qiusi
593 3761 660 3812 illud
687 3756 772 3816 velum
802 3766 912 3817 omnino
937 3755 996 3819 non*
1021 3780 1148 3837 exstaret,
1238 3772 1241 3778 ⁴

173 3855 209 3910 lu
227 3875 280 3927 quo
298 3865 426 3931 quantum
443 3852 589 3926 phantasias
605 3856 771 3922 maturuit,
789 3857 870 3914 facila
887 3859 1059 3936 intelligitur·
1143 3869 1146 3876 '

1224 2004 1239 2052 i
