2678 4584
211 288 281 361 232
461 293 926 377 ntsruunrto

206 495 304 579 tent,
335 481 428 577 oujus
460 496 628 577 tamquam
662 484 872 557 fundamenta
896 486 993 583 ipsis,
1017 485 1099 582 ipsis
1129 487 1186 559 in·

209 627 327 699 quam,
341 604 399 706 qui
423 599 522 699 elapsi
547 629 588 675 ex
606 605 763 677 Absolute
782 622 861 678 sunt
872 661 882 694 ‚
907 610 1037 679 infirma
1053 609 1186 679 videan-

58 822 63 831 .
92 814 96 821 ι
207 736 275 809 tur.
326 728 401 807 Non
437 736 567 799 tantum
600 740 718 817 negant
752 725 925 821 plerique,
960 753 994 797 se
1019 753 1183 823 umquam

206 839 408 927 Absolutum
432 842 568 915 intuitos
591 871 678 916 esse:
698 845 762 915 boc
784 847 874 916 euim
898 846 982 916 nihil
1006 848 1046 916 ad
1068 848 1182 919 Schel-

206 961 367 1055 lingium,
386 963 444 1057 qui
464 964 610 1056 prolecto
632 966 665 1032 in
690 963 786 1059 culpa
808 991 875 1034 non
899 981 968 1051 est,
993 966 1021 1034 si
1044 964 1092 1034 illi
1116 965 1181 1061 lip-

204 1082 326 1176 piunt:
356 1083 413 1151 sed
450 1081 531 1151 illud
568 1084 666 1152 etiam
705 1099 850 1177 negant,
885 1085 955 1154 lieri
990 1108 1105 1177 posse,
1142 1098 1183 1155 ut

210 1199 362 1293 homines
392 1201 590 1272 Absolutum
623 1204 834 1288 intueantur,
858 1218 915 1271 aut
938 1203 1112 1297 quicquam
1137 1204 1182 1273 ad

169 1380 172 1389 .
204 1345 281 1397 eam
306 1347 377 1403 rem
394 1323 597 1417 probandam
619 1350 639 1393 a
660 1325 857 1417 Sedellt'ngro
875 1348 944 1391 esse
960 1317 1093 1391 allatum
1114 1323 1128 1416 (
1150 1325 1179 1417 ).
1257 1393 1261 1400 ,

209 1443 253 1529 Et
276 1457 404 1527 tamen,
441 1457 479 1511 ut
509 1442 550 1511 ab
585 1442 654 1512 istis
684 1440 966 1537 vespertilionibus
995 1440 1179 1535 judicatum

209 1561 332 1648 fuerit,
367 1562 411 1635 ita
443 1562 506 1630 erit
539 1563 732 1656 Schellingz'i
758 1562 898 1630 fortuna.
947 1566 1050 1631 Porro
1086 1585 1182 1656 quae-

209 1689 311 1768 ruht,
336 1659 441 1776 qualis
464 1682 507 1750 sit
531 1680 585 1751 illa
608 1683 648 1751 ab
673 1678 833 1752 Absoluto
868 1680 1026 1768 desectio,
1051 1705 1090 1750 ex
1114 1706 1180 1774 qua

208 1800 267 1871 bic
291 1800 435 1869 mundus
469 1799 693 1895 adspectabilis
723 1815 816 1871 ortus
840 1799 907 1885 sit,
930 1814 987 1869 aut
1011 1801 1182 1895 quomodo
1219 1856 1222 1861 <

208 1944 250 1989 ex
272 1944 309 1989 ea
332 1920 431 2012 hujus
462 1921 680 1990 universitatis
714 1936 870 2008 ornatum,
894 1920 999 2007 ordo,
1024 1935 1181 1989 constan-

91 2136 94 2141 ·
207 2039 275 2121 tia,
300 2042 389 2111 nasci
419 2041 574 2135 potuerit.
626 2038 714 2109 Alias
746 2039 940 2134 questiones
971 2040 1178 2132 adjungunt,

209 2183 290 2250 quas
314 2183 382 2252 qno
407 2160 517 2239 minus
552 2158 769 2251 Sebelliagius
805 2173 917 2247 curat,
941 2183 980 2229 eo
1005 2160 1106 2252 magis
1130 2156 1180 2227 illi

206 2291 327 2370 urgent
350 2291 384 2346 et
408 2279 550 2365 instant,
573 2293 607 2348 et
630 2277 778 2347 satisfieri
802 2277 865 2347 sibi
887 2276 1012 2347 volunt
1057 2285 1179 2347 Tantas

206 2395 310 2491 igitur
339 2393 545 2467 difficultates
576 2422 652 2467 cum
683 2423 751 2467 non
782 2412 849 2467 tam
880 2396 1055 2484 homines,
1076 2421 1177 2491 quam

208 2514 279 2613 ipsa
312 2514 457 2588 humana
492 2531 611 2587 natura
633 2517 712 2587 huic
735 2517 891 2587 doctrinae
914 2517 1063 2610 objiciat,
1087 2514 1179 2583 brevi

205 2647 244 2705 et
274 2636 378 2733 ipsam
417 2638 502 2704 hano
538 2635 808 2731 philosophiam,
843 2651 892 2725 et,
908 2636 1175 2730 Mystioismum,

138 2745 145 2763 'l
204 2757 298 2845 cujus
332 2754 388 2825 illa
424 2769 530 2825 mater
571 2768 642 2840 est,
680 2756 892 2825 interiturum
925 2779 996 2823 esse
1035 2753 1176 2823 conlidi-

204 2902 280 2947 mus
308 2873 374 2971 (v).
1106 2854 1110 2863 Ι

238 3301 281 3369 (ul
300 3302 548 3356 violamentum.
568 3302 659 3357 Ueber
671 3304 717 3356 die
730 3301 837 3354 Philas.
852 3301 957 3353 meiner
969 3301 1054 3365 zois,
1069 3316 1100 3370 p.
1117 3296 1177 3351 216.

205 3402 211 3409 ’
239 3396 279 3468 (ν)
299 3395 418 3448 Omnino
437 3399 538 3450 nullum
552 3399 660 3466 gravius
674 3406 702 3449 et
715 3395 892 3465 periculosius
909 3396 1009 3448 bollum
1023 3403 1082 3458 est,
1097 3409 1177 3462 quom
1198 3418 1209 3426 ,‚

205 3493 280 3561 quod
312 3509 371 3545 cum
395 3492 455 3561 ipsa
482 3501 577 3561 natura
604 3496 715 3563 geritur·
757 3490 889 3544 Nolumus
912 3490 1002 3558 iniqui
1029 3507 1101 3552 esso,
1127 3501 1178 3536 nee
1291 3554 1294 3561 Ι

204 3587 373 3660 Schellingio
392 3587 537 3656 quicquam
553 3586 703 3640 detrahere.
742 3584 795 3638 Sed
813 3585 842 3635 in
862 3583 1027 3652 philosopho
1044 3596 1099 3632 noo
1117 3586 1178 3629 tan-

204 3687 261 3729 tum
278 3681 431 3749 ingenium,
451 3679 497 3731 sed
516 3679 596 3731 etiam
611 3679 710 3749 judicii
728 3678 855 3733 severitas
872 3678 988 3746 spectari
1006 3675 1101 3734 debet,
1118 3688 1177 3756 quae

192 3754 264 3837 ¹illi,
284 3775 308 3824 si
326 3775 407 3825 nimis
424 3775 519 3826 efferat
536 3792 562 3826 se
581 3782 606 3826 et
623 3775 794 3838 luxurietur,
821 3783 953 3840 tamquam
973 3768 1059 3820 l’ullas
1075 3764 1179 3819 Home-

200 3867 277 3933 rica,
303 3885 409 3920 manum
436 3869 557 3939 injiciat.
592 3866 761 3941 Quamquam
786 3864 997 3935 δςΙιςζΙίιιςίιιε,
1022 3859 1074 3919 otti
1099 3861 1181 3928 ipge·
