2678 4584
185 252 259 328 '2²16
437 246 901 328 n18eur'n'r1o

183 447 253 523 boo
293 444 453 519 vocabulo
494 488 553 515 -.
577 447 609 519 ei
649 448 823 521 commode
864 444 1012 521 adhiberi
1051 465 1166 546 queste

182 573 261 665 [psa
294 568 412 663 optimi
442 569 621 641 Servatoris
654 594 794 666 persona
826 583 876 637 est
910 567 1076 663 quoddam
1099 596 1163 640 na·

184 701 269 775 turae
293 687 412 758 divinae
435 687 633 784 symbolum.
683 693 765 778 Qure
788 686 842 757 ille
864 688 994 784 gessit,
1021 714 1162 786 quaeque

183 831 360 902 perpessus
391 821 463 895 est,
497 831 563 895 en,
600 807 751 904 quamvis
786 807 820 877 in
856 832 971 879 sensus
1013 809 1135 879 cadunt
1149 862 1183 899 ,⁴

183 940 294 995 tamen
329 926 575 1021 quodammodo
609 924 776 999 declarant
814 951 928 997 rerum
968 926 1164 1024 intelligibi.

181 1043 268 1115 lium
303 1045 369 1116 vim
401 1062 435 1116 et
469 1062 632 1120 naturam.
683 1047 751 1138 Qui
783 1047 887 1143 igitur
909 1047 1037 1117 nonin
1063 1049 1164 1121 rebus

183 1142 351 1235 historicis
373 1181 407 1236 et
430 1167 524 1262 quasi
547 1167 756 1239 sensibilibus
778 1166 943 1255 subsistit,
965 1167 1024 1239 sed
1046 1188 1166 1238 earum

182 1300 352 1385 tamquam
376 1287 480 1359 ductu
503 1288 546 1357 sd
568 1287 761 1379 sublimiora
793 1287 888 1359 effert
911 1312 946 1359 se
968 1303 1067 1383 atque
1091 1289 1163 1359 haec

182 1406 435 1505 complectitur,
471 1406 527 1479 ille
560 1409 626 1480 dici
658 1422 788 1507 potest,
815 1406 1015 1511 religionem
1046 1409 1165 1480 Chris·
1193 1426 1202 1450 t

184 1531 305 1609 tianam
322 1535 459 1625 poen'ce
480 1543 632 1619 tractare
655 1527 729 1628 (x).
777 1529 840 1599 Sed
865 1530 931 1631 lton
952 1528 1051 1626 longe
1074 1528 1166 1603 aliud

130 1707 133 1725 .
183 1647 360 1743 quidest,
397 1675 496 1743 quam
521 1657 633 1743 {osam
657 1650 852 1744 religionem
878 1651 950 1721 cnr.
966 1657 1094 1746 poesin
1114 1675 1165 1721 es·

184 1794 242 1856 se,
272 1769 478 1856 existimare,
509 1769 531 1838 i.
561 1795 590 1838 e.
621 1784 727 1837 totum
749 1768 825 1859 ejus
847 1787 1082 1863 argumentum
1090 1773 1167 1864 fic·

183 1894 291 1957 tr'u'rrm
314 1913 392 1957 esse.
442 1895 520 1958 Haee
553 1888 583 1959 si
615 1885 705 1957 illius
726 1887 885 1983 paradoxi
907 1889 956 1959 uis
979 1903 1015 1959 et
1036 1891 1174 1985 signifi·¹
1209 1914 1215 1926 ¹

183 2007 270 2078 ratio
300 2008 365 2096 sit,
397 2023 561 2104 apparet,
581 2032 665 2103 ‚non
699 2019 832 2077 tantum
866 2006 1024 2102 religione
1058 2009 1167 2079 Chris·

183 2129 273 2196 tiana
303 2126 387 2196 nihil
417 2127 587 2221 indignius
616 2126 681 2195 dici
710 2150 825 2221 posse,
856 2126 914 2197 sed
935 2153 1008 2199 eam
1032 2128 1166 2223 penitus

186 2245 270 2315 tolli.
328 2253 572 2339 Argumentum
606 2242 695 2315 illius
734 2243 902 2340 religionis
937 2246 1083 2341 positum
1117 2261 1168 2319 est

187 2367 224 2435 in
257 2364 415 2437 ducena
445 2378 480 2435 et
508 2364 544 2435 in
579 2363 740 2453 nuum,
770 2390 852 2461 quas
876 2364 905 2435 si
928 2367 1036 2460 poesis
1070 2391 1168 2462 pepe·

187 2486 291 2575 rerit,
323 2484 432 2557 fabula
461 2481 671 2581 relinquitur.
721 2486 822 2576 Quod
862 2486 945 2582 quid
976 2480 1067 2558 uliud
1095 2501 1167 2575 est,

108 2604 110 2607 ’
186 2634 289 2702 quarn
314 2608 418 2703 ipsam
441 2606 635 2702 religionem
670 2606 748 2678 Chr.
781 2605 885 2677 tolli?
934 2609 1054 2679 Omnis
1077 2609 1168 2679 enim

182 2729 260 2823 ¹ejus
293 2727 434 2822 dignitas
466 2728 588 2824 pendet
621 2753 663 2799 ex
695 2728 888 2799 auctoritate
922 2733 999 2798 lesu
1030 2729 1170 2822 ejusque

189 2847 449 2943 Apostolorum,
482 2848 565 2944 qui,
601 2848 761 2941 uthans
800 2847 985 2919 doctrinam
1019 2847 1169 2921 humano

92 3003 95 3007 ·
190 2969 303 3065 generi
324 2967 578 3065 ,impprtinptum
605 2968 763 3055 divinitus
786 2993 821 3039 se
845 2967 966 3061 legatos
988 2967 1114 3039 dicunt.

219 3091 279 3173 [Sl.
307 3089 382 3183 quis
412 3113 526 3189 secum
541 3075 722 3184 ,reputet‚,
742 3112 823 3191 quae·
848 3090 891 3159 sit
920 3086 1086 3181 religionis
1109 3088 1183 3167 obe.

184 3209 326 3303 jectiuae
349 3222 383 3285 et
404 3208 598 3302 subjectum
628 3209 839 3302 conjunctio,
871 3206 963 3279 senile
988 3207 1171 3304 intelligat,

194 3327 250 3399 ittt
273 3327 479 3418 labefactare,
511 3328 597 3398 hanc
627 3316 704 3396 sutis
732 3325 852 3399 salvem
877 3353 946 3399 esse
970 3355 1038 3400 non
1061 3353 1168 3426 posse.

204 3741 275 3823 2,l²l
288 3740 412 3823 ,Effugit
430 3740 462 3795 in
485 3736 539 3795 boe
562 3699 719 3813 rrnmqito
737 3747 859 3801 versetur
883 3746 923 3793 est
948 3741 979 3791 G.
996 3740 1026 3791 0.
1041 3736 1170 3804 unta,

197 3839 217 3890 l.
235 3853 259 3889 c.
273 3855 304 3906 p.
321 3839 364 3890 81.
381 3853 443 3907 sqq.
