2678 4584
396 272 986 420 nr‘nrsrrdrsno
1105 329 1175 402 ‘251

205 540 332 600 tentem
363 552 503 622 causam.
561 532 661 598 Hunc
696 522 795 597 semel
836 544 982 594 errorem
1025 520 1201 648 nominer

129 666 133 682 ·
177 733 179 737 ⁴
206 662 441 742 susoeperunt,
478 661 517 717 ut
529 700 539 733 ‚
576 645 657 742 quid
696 666 813 715 rernm
845 641 1003 713 falsumve
1032 641 1099 730 sit,
1129 664 1181 711 ra·

204 766 296 835 tione
339 766 406 837 sive
442 752 620 837 theoretica
661 765 730 836 sive
764 764 905 860 practica
935 760 1182 859 dijudicandum

207 897 277 954 esse
302 900 428 980 putent.
478 891 585 975 Quam
606 883 796 980 opinionem
820 906 899 959 cum
920 880 1004 977 eripi
1027 879 1089 951 sibi
1111 902 1182 950 noa

206 1004 397 1098 patiantur,
428 1002 511 1075 illud
546 1004 725 1099 quaeritur,
759 1027 801 1072 an
834 999 959 1071 talibus
988 999 1184 1071 bominibus
1296 1059 1298 1063 ,

207 1122 265 1191 diu
289 1122 422 1216 probari
446 1123 516 1192 haec
546 1112 740 1216 Schellingir‘
766 1121 915 1191 doctrina
937 1118 1066 1215 queat?
1111 1117 1180 1189 Pri·

208 1265 302 1310 mum
338 1240 441 1340 igitur
474 1241 636 1336 superiori
660 1240 789 1336 'Capite
823 1239 989 1326 vidimus,
1025 1263 1100 1334 quae
1139 1235 1183 1307 rit

91 1351 124 1432 'i
173 1359 405 1454 -=Sctellmgn‘
433 1359 475 1428 de
506 1363 574 1429 Deo
610 1384 648 1430 ao
673 1358 724 1429 de
755 1357 876 1428 virtute
900 1356 1078 1427 sententia:
1107 1378 1185 1427 sera

167 1488 171 1505 ¹
209 1479 369 1564 fortasse,
394 1477 573 1547 nonenim
599 1468 769 1573 repugno:
793 1476 850 1547 sed
873 1491 982 1546 tamen
1006 1489 1096 1546 tanta
1119 1472 1185 1571 ple-

211 1621 393 1691 rorumque
425 1597 617 1691 perversitas
641 1613 717 1689 est,
756 1613 795 1667 ut
828 1597 899 1667 brec
931 1596 1184 1691 Schellr'ngiana

210 1716 331 1785 veritas
369 1716 447 1810 ipsis
481 1717 621 1812 impium
656 1731 881 1787 commentum
914 1715 1084 1802 videatur,
1116 1698 1186 1808 quo

210 1832 379 1928 religionis
402 1860 439 1904 ac
463 1834 593 1906 virtutis
617 1835 709 1906 nervi
737 1834 933 1905 incidantur.
982 1833 1070 1922 Quid
1094 1835 1186 1903 theo·

212 1955 323 2024 retica·
336 1953 448 2025 ratio?
493 1955 668 2051 Desipiunt
690 1956 858 2045 homines,
878 1980 954 2026 cum
978 1954 1069 2024 bunc
1091 1978 1187 2024 mun-

85 2173 87 2175 *
212 2075 294 2144 dum
331 2072 579 2169 adspectabilem
610 2101 684 2146 esse
715 2075 851 2171 aliquid
867 2099 937 2170 per·
964 2099 1025 2164 re,
1049 2100 1087 2145 ac
1110 2099 1187 2145 vere

212 2195 373 2281 existere,
395 2193 606 2268 arbitrentur.
655 2201 774 2289 Magna
802 2194 944 2265 amentia
966 2208 1036 2283 est,
1061 2193 1185 2266 fateor:
1233 2235 1238 2247 -

214 2313 271 2382 sed
289 2328 429 2382 tamen·
446 2313 493 2381 ita
526 2313 728 2382 arbitrantur
760 2314 806 2400 ii,
829 2339 870 2383 cx
893 2339 1037 2409 quorum
1062 2314 1185 2404 jndicio

128 2419 136 2426 ’
215 2431 337 2526 pendet
371 2432 631 2525 Schellingr'anoe
664 2431 820 2500 doctrinae
850 2456 918 2501 non
956 2432 1096 2518 veritas,
1131 2432 1188 2505 sed

216 2565 275 2619 aut
299 2551 480 2620 constantia
501 2565 560 2620 aut
590 2550 752 2621 interitus.
801 2550 1013 2620 Concedunt:
1043 2575 1117 2645 quae
1140 2565 1191 2622 est
1238 2612 1241 2619 .

218 2694 347 2740 summa
382 2658 498 2741 eorum
529 2667 723 2740 liberalitas:
746 2669 931 2740 concedunt
959 2668 1093 2763 ⁸igitur,
1118 2694 1191 2743 sen·

209 2810 318 2859 ¹suum
352 2789 543 2859 auctoritate
573 2814 641 2860 non
670 2813 767 2884 posse
807 2791 1046 2861 evidentissime
1080 2790 1165 2861 effici
1177 2845 1189 2878 ,

219 2908 384 2978 mundum
408 2889 488 2977 nere
509 2931 598 2978 esse:
631 2907 688 2977 sed
710 2907 781 2979 baeo
804 2933 918 2978 rursus
942 2933 1059 2979 eorum
1084 2932 1193 2980 moro·

219 3028 297 3096 sitas
326 3052 365 3096 ac
399 3026 577 3122 pertinacia
609 3041 685 3123 est,
708 3040 746 3096 ut
770 3026 1032 3121 probabilitatem
1057 3052 1192 3124 sequen·

92 3217 97 3226 ,
177 3200 179 3209 .
219 3146 296 3215 darn
337 3170 406 3217 csse
444 3160 585 3240 putent,
623 3161 722 3240 atque
757 3144 946 3240 longissime
982 3148 1117 3238 absint,
1152 3164 1193 3220 ut

215 3265 313 3360 quod
336 3265 503 3336 evidenter
526 3266 611 3337 effici
641 3280 809 3361 nequeat,
833 3266 868 3336 id
891 3267 1050 3339 contiuuo
1074 3266 1193 3341 tabum

219 3384 408 3455 existiment
430 3383 511 3479 (t)
559 3375 720 3454 Preterea
754 3399 843 3456 tanta
876 3385 1065 3458 bominum
1088 3392 1194 3484 impu·

220 3505 331 3575 dentia
352 3508 429 3601 pst,
461 3518 501 3574 ut
529 3501 655 3575 nullam
686 3505 869 3577 doctrinam
899 3531 1009 3580 veram
1039 3532 1109 3578 esse
1132 3500 1192 3603 pu-

149 1198 153 1261 l

209 3900 213 3905 ’
256 3909 295 3981 (t)
318 3909 464 3967 &tundi
478 3910 589 3985 aaron„
608 3911 632 3969 Ρ
648 3908 715 3970 xlt.
729 3931 762 3987 p·
780 3915 841 3972 us.

203 4200 222 4247 s
