2678 4584
265 244 272 264 '
383 285 964 356 eenrsrrcrsuo.
1115 319 1168 393 '77

185 497 247 551 'tur
277 474 414 571 religio,
445 476 513 545 sive
542 475 791 566 defenderetur,
818 495 1000 571 utrumque
1023 480 1169 556 rationu

189 589 472 694 argumentatione
504 597 611 666 fiebat.
662 603 736 667 Non
771 625 838 693 quo
863 600 920 689 hi,
947 605 1006 698 qui
1031 602 1169 697 religio-

189 721 243 789 nis
273 717 492 813 patrooinium
523 717 764 811 suscipiebant,
796 692 898 788 sensti
921 746 989 790 non
1013 723 1168 794 stimule-

167 818 327 925 ⁸rentur,
362 837 418 906 sed
452 838 609 930 quoniam
646 838 821 925 homines,
851 842 1010 933 quamdiu
1033 857 1167 939 tempo-

190 985 268 1029 rum
302 956 465 1026 calamitas
500 981 555 1025 eos
591 981 659 1025 non
690 974 805 1051 suapte
829 974 945 1052 sponte
970 961 1169 1056 impulerat,

191 1094 231 1148 ut
258 1101 359 1147 sensu
389 1091 594 1171 pugnarent,
613 1077 745 1145 tamdiu
771 1078 871 1147 satius
895 1079 1058 1151 ducebant
1080 1082 1168 1179 pari·

189 1199 252 1268 bns
287 1197 408 1282 armis,
438 1197 459 1262 i.
486 1220 513 1263 e.
545 1196 729 1264 rationibus
753 1211 787 1264 et
811 1202 1013 1290 argumentis
1038 1202 1169 1275 theore-

188 1319 277 1404 ticis,
308 1317 569 1385 adversariorum
596 1315 756 1408 impetum
783 1317 959 1411 repellere,
982 1335 1081 1416 atque
1104 1349 1167 1394 ne·

186 1445 321 1506 ritatem
345 1435 479 1530 potius,
502 1459 603 1528 quam
627 1435 878 1528 religiositatem
902 1440 1031 1534 scriptis
1048 1468 1086 1512 ac
1103 1468 1168 1513 ser·
1254 1507 1256 1510 Α

187 1532 345 1627 monibus
385 1554 483 1622 tueri.
552 1559 667 1646 Itaque
710 1555 861 1624 homines
902 1573 959 1626 aut
999 1560 1167 1655 religionis

186 1699 321 1745 eausam
345 1672 533 1742 rattom‘bzts
557 1686 588 1740 ot
612 1671 807 1741 eruditionis
829 1692 987 1769 apparatu
1012 1680 1168 1752 defende-

187 1797 288 1880 bant,
313 1807 371 1860 aut
395 1793 462 1860 fere
487 1792 520 1860 in
544 1791 804 1860 adversariorum
829 1809 932 1864 castra
955 1822 991 1866 se
1014 1801 1167 1871 confere·

186 1917 276 1984 bant.
329 1911 416 2000 Quid
451 1909 594 2005 postea?
642 1908 755 1980 Clades
788 1911 842 1984 illa
872 1915 1004 2010 publica
1031 1921 1164 2013 effecit,

71 2044 73 2053 '
184 2052 226 2104 ut
247 2010 392 2118 sensus,
425 2029 592 2125 religionis
616 2033 712 2100 ruind
735 2035 800 2121 jam
827 2029 1033 2125 commotus,
1059 2044 1164 2136 magis

185 2151 294 2249 palam
329 2178 363 2221 se
396 2150 526 2220 efferret
557 2164 590 2218 ot
624 2175 737 2220 vocem
762 2151 932 2225 attolleret
983 2163 1098 2255 Itaque
1113 2163 1164 2233 >ad

108 2345 112 2355 ,
188 2276 254 2342 duo
278 2272 333 2341 illa
356 2271 533 2340 hominum
558 2295 677 2363 genera
700 2273 834 2342 accessit
858 2276 993 2347 tertium
1016 2304 1162 2372 eorum,

186 2395 275 2488 apud
310 2417 393 2485 quos
426 2415 561 2476 eanum,
599 2415 680 2483 quas
714 2390 954 2485 explicuimus,
987 2423 1160 2473 causarum

185 2517 360 2603 conjuncta
383 2510 432 2578 vis
451 2523 579 2577 tantum
599 2508 717 2595 valuit,
736 2525 774 2578 ut
792 2514 901 2580 sensui
920 2515 1046 2608 potins,
1059 2545 1160 2614 qnam

186 2634 326 2718 rationi,
351 2627 573 2724 principatum
597 2628 769 2698 deferrent.

234 2753 296 2822 Sed
320 2775 357 2818 ea
381 2749 554 2841 utriusque
579 2772 682 2818 nausae
703 2750 896 2838 conjunctio
920 2772 1081 2848 quantum
1103 2761 1161 2831 ha·
1209 2738 1211 2745 Ι

184 2874 294 2942 buerit
323 2869 364 2939 ad
391 2869 630 2964 Mysticismum
661 2885 888 2958 momentum,
913 2875 975 2942 alia
998 2880 1093 2948 etiam
1119 2906 1160 2954 err

161 3035 164 3040 ·
184 3010 277 3090 parte
291 2989 503 3086 spectandum
522 3003 579 3056 est.
618 2994 684 3058 Vos
701 2991 811 3076 enim,
834 2991 903 3059 Viri
915 2995 1175 3092 Eruditissimi,

182 3141 260 3185 cnm
279 3109 526 3183 sciscitabamini
541 3133 692 3194 causam,
712 3133 813 3202 quare
831 3109 927 3180 multi
942 3129 1053 3184 nostra
1064 3106 1158 3191 aetate

178 3233 369 3332 philosophi
383 3256 419 3300 ac
429 3227 575 3321 theologi
589 3228 628 3295 ad
643 3229 882 3322 Mysticismum
893 3255 927 3299 se
937 3211 1156 3329 applicarent,

179 3382 247 3426 non
273 3367 402 3422 tantum
427 3350 491 3418 hoc
516 3347 730 3442 quaerebatis,
757 3372 863 3442 quare
887 3350 948 3444 ipsi
973 3352 1020 3423 illi
1043 3363 1178 3451 Myon?

178 3496 217 3544 'ce
250 3477 428 3555 sentirent,
462 3469 495 3536 id
523 3467 617 3562 quod
647 3493 665 3535 a
700 3467 796 3536 nobis
816 3469 883 3562 jam
909 3473 1155 3565 quodammodo
1224 3478 1226 3482 '

177 3592 378 3663 declaratum
402 3603 468 3656 est:
494 3587 551 3655 sed
570 3585 656 3654 -illud
681 3612 814 3682 quoque
837 3591 1021 3684 rogabatis,
1044 3600 1155 3688 quare

176 3719 350 3799 infelicem
378 3707 470 3774 illum
497 3729 631 3773 sensum
650 3705 790 3799 publice
815 3716 918 3777 etznm
949 3717 1155 3805 profiterere.

169 3836 260 3900 nir?
280 3853 385 3925 quare
407 3824 539 3921 scriptis
560 3849 601 3896 uc
624 3827 831 3898 serumibus
853 3853 924 3923 pree
944 3856 982 3902 se
1008 3833 1152 3927 ferrent,
