2678 4584
381 312 956 382 nanusrrctsuo.
1108 303 1168 415 aa,

173 502 431 598 complectitur,
462 527 537 598 quae
574 503 735 573 haberent
772 505 937 598 quandam
965 507 1160 601 Mysticismi

177 625 469 722 praeparationem,
485 627 729 716 cum-relegabat
736 677 748 710 ,
768 638 841 695 tum
859 627 1046 718 theologici.
1098 635 1160 698 lle·

101 796 105 802 -
180 743 305 836 ligiosi:
328 744 420 838 quod
438 742 538 813 altera
559 743 817 839 philosophandi
839 748 923 816 ratio
947 761 986 815 ut
1014 753 1161 818 rattbnrs

179 865 409 936 auctoritatem
439 864 718 958 circumscripsit,
754 864 801 934 sic
833 889 970 936 sensum
1005 869 1095 937 acuit
1126 880 1162 938 et

182 982 474 1072 excitavit,‘altera
495 984 639 1054 divinam
661 999 814 1055 naturam
832 1011 909 1056 cum
930 987 1077 1058 humana
1096 1013 1164 1058 are·

181 1106 306 1174 tissime
321 1104 519 1194 conjunxit,
543 1115 577 1172 et
597 1103 679 1174 huic
701 1105 795 1199 quasi
816 1106 1006 1177 arhntrcurl.
1057 1108 1167 1189 Theo-

180 1223 296 1317 logici:
319 1224 494 1318 quodnisi
519 1224 681 1293 Kantiana
708 1225 933 1295 ac-Fiohtiaua
951 1225 1164 1322 philosophia

181 1346 422 1433 antecessisset,
449 1368 634 1439 numquam
660 1344 797 1414 fortasse
822 1360 897 1413 nata
918 1345 1031 1416 fuisset
1054 1345 1164 1416 Schel-

180 1461 343 1559 lingiana,
368 1489 444 1558 quae
468 1463 732 1558 Mysticismum‚
758 1489 777 1532 a
803 1464 1030 1558 superioribus
1056 1464 1164 1562 philo·

180 1585 304 1678 sophis
322 1584 532 1670 inchoatum,
553 1584 599 1651 ita
626 1582 779 1677 perfecit,
793 1596 839 1654 ,ut
858 1587 1052 1677 utriusque,
1068 1600 1102 1654 et
1118 1610 1167 1654 re·

162 1702 290 1796 ¹ligiosi
314 1719 348 1772 et
372 1700 573 1797 theologici,
604 1714 766 1770 meteret
793 1698 891 1769 altrix
920 1701 1076 1796 appellari
1109 1704 1166 1773 alo⁸

181 1825 266 1895 beat.
316 1829 357 1892 ln
388 1825 452 1892 hac
479 1822 583 1916 igitur
607 1820 821 1915 philosophia
840 1821 987 1914 positum
1013 1836 1062 1892 est
1085 1824 1167 1894 alte⁴

140 1957 145 1966 ’
183 1969 257 2014 nem
274 1967 381 2038 genus
400 1966 573 2012 causarum
589 1940 782 2036 Mysticismi
807 1938 1038 2034 singularium.

231 2064 294 2134 Sed
310 2060 404 2132 aliud
430 2062 512 2156 quid
537 2061 635 2130 etiam
664 2060 869 2130 monendum
891 2075 1008 2147 restat,
1026 2063 1067 2132 ad
1087 2082 1176 2159 prat*

184 2185 287 2255 sentis
309 2181 540 2278 disputationis
559 2179 808 2275 intelligentiam
835 2206 904 2250 non
930 2183 1041 2252 minus
1061 2208 1168 2256 neccs-

183 2305 320 2377 sarium.
370 2301 599 2398 Explicuimus
619 2305 654 2370 in
671 2299 933 2397 prolegomenis,
962 2327 1062 2396 qoem
1092 2330 1169 2399 pro.

184 2427 257 2521 prie
283 2425 469 2494 diceremus
485 2423 673 2518 Mysticum.
722 2425 790 2490 Nec
800 2427 910 2489 tamen
932 2423 999 2491 hoe
1011 2423 1056 2491 ita
1075 2423 1167 2493 intel·

183 2543 244 2640 ligi
260 2543 434 2631 volumus,
451 2541 545 2637 quasi
561 2566 621 2636 per
641 2563 776 2609 omnem
787 2537 874 2608 hanc
890 2539 1166 2636 disputationem,

183 2645 314 2761 quoties
332 2663 461 2759 Mystici
481 2677 539 2731 aut
557 2659 750 2756 Mysticismi
767 2685 889 2731 nomen
913 2660 1165 2758 usurpabimus,

184 2786 283 2856 toties
302 2785 405 2879 hujus
424 2781 569 2852 notionis
590 2781 657 2851 vim
682 2806 775 2876 aeque
798 2780 863 2852 late
878 2796 989 2876 patere
1005 2782 1165 2870 velimus,

185 2920 283 3000 atquc
298 2929 369 2972 eam
392 2898 426 2970 iu
443 2900 689 3002 Prolegomenis
705 2901 949 2992 constituimus.
991 2907 1058 2974 ‘Est
1075 2905 1166 2975 enim

176 3026 264 3098 ‚huic
287 3024 360 3096 voci
379 3024 473 3093 varin
495 3047 557 3091 nec
572 3022 655 3092 satis
678 3020 813 3090 definita
836 3022 981 3116 subjecta
1009 3023 1071 3092 vis:
1095 3047 1165 3120 quo

184 3145 239 3234 fit,
261 3159 301 3214 ut
326 3145 354 3214 is
376 3134 476 3213 'etiam
496 3142 655 3238 Mysticus
682 3138 840 3236 appellari
865 3139 984 3230 soleat,
1006 3142 1041 3211 in
1063 3143 1165 3238 querit

184 3292 253 3337 non
277 3288 415 3351 omnes,
435 3264 491 3336 sed
518 3263 692 3359 praecipuae
708 3277 840 3338 tantum
857 3259 946 3332 illius
964 3262 1166 3336 definitionis

183 3401 294 3481 partes
310 3385 447 3458 cadant.
490 3384 573 3452 Fuit
594 3398 706 3452 nostra
731 3383 886 3477 bipartita
907 3381 1102 3478 disputatio:
1122 3384 1165 3454 al·

183 3508 252 3576 tera
275 3520 371 3600 parte
395 3504 598 3592 docuimus,
612 3503 694 3598 quid
717 3503 760 3573 sit
783 3502 1023 3598 Mysticismus,
1043 3505 1165 3614 altera,

181 3625 268 3720 quid
291 3625 448 3719 consequi
474 3623 570 3709 velit,
595 3639 652 3736 aut
669 3639 885 3696 consecutum
914 3626 1035 3716 sejam
1055 3639 1163 3719 putet.

185 3751 227 3814 Et
255 3745 432 3841 Mysticum
457 3744 592 3840 quidem
620 3745 828 3816 definivimus
850 3770 947 3832 eum,
973 3750 1038 3839 qui
1056 3751 1093 3815 in
1112 3768 1165 3814 rc·
1242 3836 1243 3840 Ἰ

168 3867 320 3975 &onas
336 3888 457 3938 como
480 3889 587 3956 sensu
599 3873 738 3962 potius,
765 3888 871 3961 quam
895 3872 1029 3955 rotrone
1050 3865 1167 3939 macu-
1248 3869 1254 3884 ’
