2678 4584
371 283 954 353 natnrsrtor‘snto
1086 270 1164 352 ase

167 475 391 570 'religiositatis
418 477 556 550 modum
579 461 1038 579 desidere.solet‚1··quantum
1064 482 1163 546 antea

174 625 273 692 supra
308 623 386 669 eum
427 599 532 667 fuerat
572 595 687 667 elatus.
758 592 874 685 Quod?
893 598 979 664 idem
1021 590 1162 667 ebriosis

173 720 318 789 accidere
361 716 464 804 solet,
498 741 643 810 quorum
681 717 743 786 ¹uis
779 715 886 785 vitalis
899 769 910 801 ,
946 712 1043 786 cum.
1058 717 1162 785 nimia

173 839 346 933 potatione
370 838 405 904 in
438 837 782 931 exiguumtemporis
810 852 1021 906 momentum
1048 828 1163 929 augeri

123 1046 128 1054 ³
174 973 215 1028 et·
232 957 422 1027 confirmari
447 957 619 1040 rideatur,
657 956 757 1026 simul
789 972 889 1051 atque
913 956 1063 1029 exhalata
1087 976 1164 1027 cra-⁸

175 1076 255 1172 pola
295 1092 374 1160 ast,
414 1101 458 1145 ne
498 1102 712 1146 communem
756 1077 892 1172 quidem
935 1077 1100 1170 vigorem·
1125 1100 1163 1149 ac

174 1193 276 1271 τόνον
312 1197 412 1265 babet
448 1195 520 1291 (f).
558 1191 702 1288 ,Quaero
726 1196 861 1289 pgitur,
897 1190 1005 1291 qualis
1035 1197 1164 1267 sitista

175 1318 394 1410 religiositas,
412 1341 501 1410 quae
533 1315 661 1383 tamdiu
696 1294 828 1384 tantum
859 1314 1084 1394 stabilitatem
1100 1317 1166 1386 ba

176 1437 252 1506 beat
262 1456 400 1529 ,quam
431 1436 492 1502 diu
517 1459 633 1504 sensus
659 1433 841 1504 feriantur?
891 1437 1005 1553 Eritne
1031 1434 1106 1531 quis
1130 1436 1167 1507 id

177 1556 416 1625 hebdomadis
430 1538 522 1623 exitu
553 1555 702 1645 justior,
734 1554 993 1649 temperantior,
1026 1557 1166 1625 omninu'

176 1673 332 1762 melior,
341 1675 449 1768 quod
480 1673 591 1769 primo
624 1674 840 1744 hebdomadis
875 1675 928 1743 die
962 1673 1078 1744 oculos
1109 1701 1167 1744 au

177 1820 296 1888 resque
338 1795 437 1864 rebus
482 1819 607 1889 pompa
654 1794 762 1893 plenis
782 1794 960 1889 paverit?
990 1795 1103 1888 Quod
1139 1794 1168 1863 sl

63 1925 70 1934 ‘
177 1915 276 1985 e'tiam
304 1915 444 2009 singulis
474 1916 617 2002 diebus,
642 1913 781 2008 singulis
803 1915 921 2004 horis,
947 1913 1001 1985 ille
1025 1938 1167 2009 appara-

77 2063 79 2066 ·
135 2016 136 2020 Ἰ
176 2049 232 2105 tus
248 2096 251 2100 ,
269 2061 310 2105 ac
331 2033 450 2105 :ueluti
496 2035 632 2103 taberna
666 2049 876 2129 exponatur,
912 2030 989 2130 quis
1029 2036 1168 2122 nescit}
1277 2074 1283 2081 ·

177 2155 417 2225 consuetudine
469 2153 574 2225 solere
624 2151 803 2224 sensibilis
825 2154 1051 2249 vimpulsionis
1096 2156 1168 2226 vim'
1213 2154 1224 2181 ³

178 2274 286 2367 frangi
310 2291 344 2342 et
374 2273 521 2343 elevari?
569 2275 664 2361 Quid·
696 2275 723 2342 si
749 2275 918 2367 pinguiori
948 2276 1023 2369 quis
1049 2291 1170 2347 natura
1266 2364 1269 2375 Ι

179 2394 242 2480 sit,
269 2408 307 2460 ut
330 2394 533 2462 commoveri
556 2416 593 2460 ac
617 2391 751 2485 percelli
776 2391 843 2460 fere
863 2394 1029 2487 nequeat?
1076 2386 1169 2485 Quid
1252 2464 1257 2477 ,

179 2512 214 2580 in
249 2525 435 2598 senectute,
476 2495 550 2606 quae
586 2536 701 2580 sensus
747 2512 902 2581 hebetare
944 2512 1054 2583 solet?
1103 2519 1167 2587 Sed
1282 2491 1284 2494 Α

181 2630 261 2700 nolo
285 2629 392 2724 plura.
434 2627 568 2699 Nullam
592 2655 662 2700 esse
686 2646 894 2702 constantem
920 2633 1168 2729 religiositatem
1304 2611 1308 2623 ¹

182 2751 347 2820 contendo
357 2805 369 2843 ,
411 2775 485 2845 quae
521 2751 638 2837 ,rebus
668 2751 877 2836 sensibilibus
910 2754 1064 2827 adstricta
1098 2759 1169 2846 sit,

182 2848 394 2966 sensibilique
427 2884 560 2955 natura¹
581 2853 695 2941 nostra
719 2875 854 2953 nitatur.
906 2876 939 2944 Si
963 2893 1074 2947 autem
1099 2880 1169 2973 pie·

183 3006 253 3079 tas,
278 2994 305 3060 si
329 2994 501 3077 sanctitas,
518 2993 565 3060 si
600 2991 735 3087 reliquae
758 2994 898 3062 virtutes
911 3020 1020 3092 ,quae
1044 2985 1063 3066 a
1086 2997 1169 3067 reli-t

183 3113 282 3204 gione
314 3129 471 3201 manant,
502 3113 684 3182 constantia
717 3128 849 3200 carent,
875 3140 916 3184 ne
940 3141 1064 3211 nomeu
1089 3108 1170 3227 qui}

184 3232 260 3300 dem
293 3232 460 3324 religionis
495 3219 705 3328 relinquitur.
757 3233 846 3323 Quid
880 3232 989 3330 ergo?
1018 3220 1171 3332 potestne

147 3384 148 3389 ¹
186 3351 341 3446 cuiquam
366 3353 507 3422 dubium
530 3368 588 3425 aut
612 3354 793 3423 obscurum
818 3379 909 3444 esse,
932 3371 1006 3427 tum
1032 3358 1169 3429 demum

222 3767 274 3838 (s)
293 3766 373 3818 (ons.
402 3767 568 3841 Hoseland,
597 3771 690 3821 Kuast
707 3787 751 3821 om
768 3770 816 3824 leet
843 3773 1021 3844 memcbchj'l'
1036 3775 1115 3832 leven
1141 3766 1173 3830 tl

120 3862 125 3878 ‘
185 3862 350 3930 serl,engen
372 3861 409 3912 ll.
424 3881 456 3936 Ρ.
476 3862 519 3931 47
