2678 4584
332 402 334 407 V
397 320 461 378 ss
505 301 992 380 unsri-cisino.
1052 292 1179 377 ‘³303
1280 310 1281 315 ¹

196 516 278 573 um
296 513 466 596 tamquam
482 500 618 572 auribus
644 501 829 592 percipere,
853 492 959 581 aliud,
982 494 1052 584 ejus
1070 507 1182 563 aucto

157 661 160 665 ⁴
198 621 296 691 -ritati
314 645 438 716 parere.
465 623 616 690 Primum
632 618 721 687 enim
735 613 854 685 'multis
867 614 1059 686 hominibus
1073 615 1183 683 innata
1303 640 1305 645 ·

198 735 257 811 est
281 742 429 835 quaedam
444 740 604 834 .ignavia;
638 762 712 832 quae
737 761 938 831 quamquam
968 759 1098 829 semper
1127 759 1184 802 re·-

202 861 440 958 :prehendenda
463 873 534 948 est,
557 874 666 927 tamen
689 854 834 949 aliquam
858 852 1204 925 excusationemch'ass-

203 980 287 1051 bere
307 980 455 1067 videtur,
479 979 562 1049 siin
585 1000 700 1048 earum
723 1000 836 1045 rerum
864 975 1113 1068 investigatione
1135 972 1187 1043 la·

205 1099 271 1170 bor
290 1099 370 1192 poni
390 1100 529 1185 debeat,
551 1121 696 1192 quarum
729 1094 875 1165 inventio
898 1079 965 1165 fere
985 1094 1185 1188 desperanda

201 1220 260 1290 ait.
285 1217 399 1307 Qualis
423 1232 473 1287 est
489 1243 586 1287 causa
604 1215 783 1309 religionis.
816 1193 899 1302 Quas
916 1215 1005 1283 enim
1020 1240 1078 1283 nos
1100 1214 1184 1283 ratio

200 1338 247 1408 ale
271 1339 438 1432 religionis
468 1337 624 1431 dignitate
650 1335 831 1421 admonet,
866 1334 979 1402 eadem
1003 1359 1064 1403 nos
1086 1334 1184 1404 docet

202 1458 293 1529 nihil
310 1475 378 1528 tam
390 1458 532 1527 arduum
549 1481 635 1543 esse,
654 1435 1185 1550 tamqnedifficile,quam·rerum

203 1577 729 1673 intelligibiliumcognitionem,
754 1574 908 1645 simodo
939 1572 1081 1668 aliquam
1115 1575 1187 1662 ejus

156 1760 165 1779 ,
210 1711 340 1792 partem
375 1697 489 1766 homo·
502 1697 632 1790 assequi
650 1696 763 1790 possit.
813 1694 945 1763 Accedit
967 1691 1081 1762 alienoe
1104 1718 1186 1762 auc·

205 1817 353 1887 -toritatis
385 1816 562 1910 cogitatio,
596 1840 670 1910 quae
695 1813 778 1884 solet
800 1839 840 1884 eo
865 1839 950 1909 sape
973 1811 1102 1900 valere,
1125 1811 1186 1901 ut,

204 1960 297 2006 cum·
310 1922 532 2030 inquisitionis
555 1933 740 2005 difficultas·
756 1960 818 2004 nos
843 1949 1044 2029 perterreat,
1070 1933 1105 2001 in
1127 1931 1187 2001 ali·

206 2080 308 2128 orum
337 2054 449 2124 labore
480 2054 703 2150 acquiescere,
728 2079 828 2148 quam
854 2067 969 2122 nostro
992 2057 1099 2122 Marte
1122 2051 1187 2120 ali-

205 2175 290 2269 quid
319 2172 498 2269 'periclitari
528 2172 693 2243 malimus.
744 2173 909 2267 Denique,
927 2187 984 2241 tot
1007 2186 1087 2242 sunt
1112 2172 1188 2240 vita

204 2296 395 2365 communis
424 2295 679 2386 occupationes,
708 2308 776 2360 tam
810 2293 1005 2388 multiplicia
1034 2294 1187 2387 negotia,
1236 2369 1238 2372 .

208 2427 250 2512 ut
274 2413 379 2499 ratio,
403 2435 522 2481 eorum
544 2408 635 2480 mole
656 2412 800 2498 obruta,
825 2436 1027 2506 quamquam
1051 2414 1093 2481 de
1115 2411 1188 2481 reli·

162 2603 164 2607 ,
211 2530 321 2626 gionis
350 2530 509 2625 dignitate
534 2530 629 2600 nohis
654 2530 939 2625 persuasissimum
965 2532 1033 2617 sit,
1057 2545 1186 2621 tamen,
1224 2606 1225 2613 ,

213 2651 279 2722 nisi
302 2649 435 2722 aliunde
464 2650 590 2721 stimuli
614 2651 872 2739 admoveantur,
897 2651 1074 2720 adrerum
1100 2652 1188 2721 divi·

213 2797 335 2843 narum
370 2773 425 2841 vix
458 2772 707 2865 cogitationem,
738 2772 862 2841 nedum
897 2770 1045 2842 studium
1079 2786 1114 2841 et
1137 2771 1187 2842 in,-

208 2891 446 2986 quisitionem,
480 2892 560 2962 eniti
600 2891 692 2962 facile
727 2916 823 2987 posse
855 2891 1015 2962 videatur.
1064 2892 1186 2981 Quod,

210 3011 274 3083 etsi
310 3028 379 3082 non
413 3011 455 3082 de
482 3013 657 3100 omnibus,
684 3027 795 3081 tamen
824 3011 865 3080 de
887 3009 1051 3106 plurimis
1075 3011 1190 3081 homi-

183 3132 330 3216 nibus,
362 3132 530 3202 verissime
555 3133 666 3202 dicere
704 3131 828 3202 uideor.
879 3138 1049 3222 Quorsum
1083 3131 1191 3203 haec?
1236 3115 1244 3120 ’

161 3279 163 3282 ⁴
212 3267 256 3323 ut·
269 3248 493 3345 intelligatur,
511 3251 641 3322 rationi
666 3266 753 3346 opus
775 3276 845 3323 esse
864 3253 1022 3348 perpetua
1041 3253 1190 3348 ‘quadam
1278 3284 1279 3289 ¹

210 3395 291 3441 vooe
326 3385 360 3439 et
383 3371 569 3445 hortatione
597 3372 796 3460 monitoris,
823 3372 885 3466 qui
907 3397 980 3443 eam
1016 3373 1189 3443 socordem
1254 3421 1256 3423 >

210 3515 250 3561 ac
281 3488 384 3560 velut-i
415 3490 607 3562 oscitantem
622 3490 754 3562 excitet
776 3506 877 3588 atque
891 3493 1009 3587 ›erigat
1037 3493 1079 3562 ad
1103 3518 1189 3563 cau·

211 3635 281 3681 sam
307 3608 475 3705 religionis
499 3613 774 3706 cognoscendam
822 3619 932 3701 Quem
958 3637 1019 3707 ego
1044 3615 1188 3684 monito·
1220 3686 1222 3693 ,

211 3755 283 3799 rem
303 3755 438 3800 sensum
461 3730 589 3827 appello
606 3733 809 3826 religiosum.
847 3737 1058 3827 Quamquam
1077 3732 1165 3803 enim
1177 3786 1203 3821 ,.

211 3861 254 3919 nt
288 3865 364 3923 ante
386 3849 570 3942 diximus,
586 3851 695 3950 prima
714 3850 880 3927 sunnis
898 3851 1056 3952 —snpicio
1078 3876 1190 3933 nona
1291 3898 1295 3903 -
