2678 4584
306 254 960 383 'ns'uus'rmrsno
1113 311 1159 408 73

185 502 290 576 insula
316 492 450 599 elegam,
475 530 513 574 an
539 505 622 576 alius
647 510 744 600 etiam
771 506 888 601 degat,
921 490 1055 600 quicum
1081 505 1162 573 nul-

182 623 215 695 la
250 627 332 693 mihi
362 626 404 694 sit
434 626 646 721 conjunctio?
700 635 767 697 Aut
797 628 878 721 quid
911 651 1001 695 nunc
1033 626 1161 695 efficere

182 769 347 832 possum,
382 747 495 839 quod,
531 748 558 815 si
592 746 681 816 solus
715 765 818 815 essem
853 747 998 840 ejectus,
1032 745 1167 814 efficere·-

181 889 252 934 non
289 865 477 959 possent
511 873 680 954 Quorsum
718 866 826 936 hae?
867 882 906 935 ut
940 863 1164 960 intelligatur,

184 983 342 1054 libertatis
375 985 508 1054 amissio
546 1001 707 1081 quantum
744 984 846 1056 valeat
880 986 921 1054 ad
954 985 1163 1054 excitandum

184 1102 351 1197 religionis
395 1129 559 1192 sensum,
595 1106 652 1201 qui
690 1106 716 1174 si
751 1105 974 1199 principatum
1010 1105 1164 1192 obtinet,

183 1224 291 1292 existit
324 1200 555 1318 Mysticismus.
606 1232 681 1294 Duo
717 1240 796 1294 sunt
825 1211 1058 1320 poffissimum,
1091 1248 1165 1318 quae

183 1342 278 1413 illum
302 1369 459 1431 sensum,
485 1371 552 1439 quo
567 1347 688 1414 minus
713 1344 854 1414 exsultet
877 1346 976 1414 nimis
1001 1361 1035 1414 et
1058 1344 1161 1415 luxu·-
1179 1410 1196 1425 ,
1228 1435 1233 1458 ¹

106 1459 108 1463 ’
183 1464 305 1549 rietur,
331 1467 485 1532 cohibere
508 1481 665 1557 possunt,
690 1471 779 1533 ratio
803 1480 837 1533 et
860 1480 1023 1550 externa,
1043 1465 1077 1533 in
1096 1490 1163 1560 qua

184 1585 555 1666 versamur„cooditto.
606 1590 648 1651 Et
672 1584 755 1651 ratio
779 1583 936 1676 quidem,
962 1600 1166 1679 quantopere

83 1757 86 1763 .
184 1701 220 1769 in
254 1701 405 1769 omnium
436 1726 548 1769 rerum
575 1701 822 1795 perturbatione
848 1703 1037 1796 frangatur,
1063 1729 1163 1796 supra

177 1819 411 1913 explicuimus.
461 1827 530 1889 Hac
560 1822 663 1916 igitur
689 1821 730 1890 de
761 1835 848 1890 statu
880 1821 1023 1918 dejecta,
1060 1820 1163 1891 relin-

185 1940 300 2033 quitur
322 1921 465 2015 externo
485 1943 653 2027 concutio,
679 1966 780 2035 quam
798 1939 1011 2033 intelligimus
1029 1926 1163 2030 locum,

184 2083 284 2152 quem
309 2059 343 2127 in
365 2060 492 2129 civitate
517 2061 656 2155 quisque
675 2061 842 2147 obtineat,
860 2059 1071 2154 dignitatem,
1086 2087 1166 2130 mu-

184 2202 265 2264 nuS,
289 2194 414 2267 artem,
440 2203 539 2274 quam
566 2181 776 2275 profiteatur,
801 2180 875 2249 vitae
896 2179 1071 2250 tolerandae
1086 2183 1163 2250 sub·

175 2297 282 2373 sidia:
304 2300 434 2392 quibus
466 2299 563 2368 rebus
595 2299 770 2371 hominum
804 2301 889 2368 inter
914 2300 1001 2394 ipsos
1026 2301 1162 2370 societas

185 2441 222 2484 ac
246 2418 450 2486 necessitudo
473 2408 696 2487 constituitur]
746 2424 786 2486 In
812 2419 873 2486 hac
896 2434 1005 2487 autem
1030 2435 1163 2489 externa

184 2539 259 2604 vitae
275 2537 424 2606 ratione
450 2538 650 2631 quantavis
680 2537 759 2606 insit
788 2537 829 2606 ad
864 2538 1102 2607 moderandum
1125 2563 1164 2608 ac

185 2654 435 2748 temperandum
467 2656 656 2749 religiosum
682 2681 832 2742 sensum,
863 2682 904 2725 ne
928 2673 1080 2752 erumpat
1103 2683 1162 2728 ve·
1215 2670 1221 2684 “

185 2774 401 2866 herneutius,
446 2776 480 2846 in
521 2775 712 2869 vulgaribus
752 2777 933 2871 praesertim
970 2778 1162 2848 hominibus

179 2892 322 2988 *intelligi
355 2911 472 2991 potest.
524 2904 676 2984 Quorum
700 2897 817 2965 animis
843 2922 919 2965 cum
945 2896 989 2965 ita
1013 2921 1096 2990 saepe
1121 2887 1183 2966 it-'
1284 2900 1289 2914 '

178 3011 215 3082 >le
245 3028 358 3084 sensus
387 3014 542 3084 altissime
574 3015 757 3111 insculptus
788 3016 852 3102 sit,
888 3031 926 3082 ut
951 3016 1086 3085 minime
1111 3042 1161 3084 ra·

183 3135 309 3202 tionem
340 3134 495 3204 adhibere
528 3133 657 3222 solent,
681 3142 796 3204 eorum
822 3133 960 3229 plurimi
985 3137 1018 3204 in
1042 3138 1188 3231 Mysti-¹

183 3253 324 3322 cismum
359 3252 475 3348 procul
512 3255 613 3324 dubio
638 3255 821 3350 praecipites
846 3271 998 3343 ruerent,
1023 3257 1085 3327 nisi
1108 3259 1163 3328 viz

183 3387 226 3444 tae
257 3374 474 3443 sustentendae
506 3400 601 3462 cura,
632 3390 780 3469 negotia,
812 3376 1041 3471 occupationes
1065 3376 1160 3447 illum

183 3493 284 3561 animi
309 3493 473 3591 impetum,
496 3499 723 3590 reprimerent.
774 3496 873 3584 Quod
897 3521 972 3566 cum
999 3499 1082 3565 ratio
1102 3499 1159 3566 do·

185 3627 254 3699 eet,
291 3626 364 3681 tum
399 3639 477 3682 usus
515 3616 697 3685 confirmat.
749 3617 906 3687 Homines
939 3617 1163 3705 sedentarios,¹
1300 3697 1304 3709 Ι

186 3732 381 3827 eosdemque
405 3732 566 3828 plehejos,
591 3752 751 3824 sartores,
777 3753 921 3822 sutores,
939 3738 1044 3830 magis
1061 3763 1161 3830 quam

114 3946 123 3965 l
174 3847 285 3940 alios,
320 3853 362 3926 ad
394 3855 635 3951 Mysticismum
669 3882 738 3929 esse
767 3855 926 3954 proclives
959 3842 1161 3928 animadver-
