2678 4584
365 321 429 375 nn
475 290 953 407 MY2s'rIcISM0.
1072 282 1173 423 ,449ὶ

172 515 267 589 esse,
298 515 397 586 quem
431 504 470 561 ut
499 514 610 577 nune,
643 487 755 558 relicte
786 511 824 557 eo
857 487 990 583 penitus
1022 488 1146 580 abjecta
1213 524 1218 586 .'

174 625 348 706 superte,
372 635 445 705 quae
470 607 600 685 nullum
626 606 780 709 solertium
804 606 981 702 praeberet,
1006 606 1042 677 in
1062 631 1148 679 con-
1206 674 1213 689 ,

173 736 315 810 tranum
344 745 471 826 partem
502 729 548 798 ita
578 741 734 814 ruerent,
765 740 805 795 ut
838 725 924 797 hane
954 716 1050 796 unice
1073 752 1149 796 am-

174 846 423 943 plecterentur?
468 855 583 943 ltaque
613 871 666 949 res
690 872 709 915 a
732 843 967 916 Rationalismo
999 845 1150 942 pervenit

82 987 86 1001 ¹
174 967 216 1037 ad
248 967 508 1062 Mystieismum,
546 991 693 1062 quorum
726 963 807 1034 alter
840 964 933 1035 alteri
963 967 1148 1036 contrarius

175 1101 234 1156 est.
283 1086 381 1174 Quod
404 1087 432 1156 si
455 1111 492 1156 ee
514 1086 688 1157 exstitisset
710 1084 847 1155 rationis
861 1085 1047 1181 ¹sensimque
1065 1100 1148 1154 tem·
1244 1100 1247 1104 ’

174 1205 320 1301 peratis,
345 1204 381 1274 in
405 1230 470 1299 qua
500 1204 608 1301 posita
637 1218 686 1283 est
710 1229 793 1274 verae
817 1202 985 1296 religionis
1009 1219 1150 1299 nature,

127 1346 129 1351 ’
174 1349 243 1395 non
267 1339 335 1394 tam
360 1322 451 1394 facile
474 1321 697 1418 Mysticismus
719 1319 1021 1435 ceput‘extulisset.
1047 1323 1151 1412 ,Quod

175 1459 366 1514 nostrorum
415 1443 592 1513 hominum
642 1439 793 1538 exemplo
836 1438 990 1542 declernri
1030 1443 1177 1539 potest‚'

174 1569 382 1656 Quamquam
413 1560 502 1661 euim
532 1587 601 1632 non
636 1586 816 1659 negemus,
840 1586 981 1650 eorum,
1005 1588 1078 1657 quse
1102 1560 1150 1631 vi·

173 1680 304 1768 ximus,
338 1696 526 1779 temporum
559 1706 631 1751 eam
662 1682 732 1752 vim
757 1681 881 1769 fuisse,
906 1696 944 1750 ut
968 1681 1003 1764 in
1027 1679 1151 1751 multo·

127 1798 132 1811 ’
172 1825 252 1870 rum
282 1801 403 1874 animis.
432 1799 599 1897 religionis
630 1784 749 1872 sensus
775 1799 875 1871 solito
899 1801 1003 1896 magis
1028 1802 1152 1870 excita·
1202 1813 1205 1823 '

174 1932 229 1988 tus
264 1920 325 2009 sit,
360 1894 469 1991 tamen
504 1921 668 1998 immunes
702 1946 765 2018 nos
799 1946 819 1990 a
852 1898 1044 2018 Mysticisnii
1078 1918 1151 1991 labe

85 2094 91 2123 2,
173 2039 402 2128 servavimus,
434 2040 480 2109 ite
513 2040 715 2132 judicantes,
751 2037 877 2111 nullam
912 2065 981 2115 esse
1014 2038 1150 2134 religio·
1211 2087 1213 2090 >

80 2180 85 2189 ·
173 2176 272 2245 nem,
302 2183 377 2255 quae
409 2161 544 2231 rationis
573 2160 754 2255 sensbsque
784 2157 1000 2255 aequabilitate
1031 2172 1149 2229 careat.

172 2276 309 2377 Utinam
342 2279 495 2346 Germani
530 2278 577 2347 sie
618 2303 749 2372 semper
786 2273 1010 2370 judicassent!
1059 2275 1149 2348 Inci-

174 2395 273 2489 piunt
297 2410 406 2465 tamen
431 2396 476 2464 ita
494 2395 650 2490 judicare.
691 2394 799 2467 Multa
821 2410 855 2465 et
878 2398 913 2463 in
937 2394 1008 2464 eliis
1030 2411 1148 2467 eorum

174 2514 304 2607 scriptis
328 2514 419 2596 etin
443 2513 624 2585 Annalibus
658 2515 835 2585 Litterariis
859 2516 977 2585 indicia
1001 2529 1150 2604 exstant,

175 2632 338 2727 equibus
361 2630 499 2728 intelligi
535 2648 681 2730 potest„
702 2632 826 2707 multos
851 2659 968 2717 eorum
991 2631 1150 2731 paulatim

175 2731 282 2821 redire
314 2751 356 2821 ad
386 2751 475 2821 illam
510 2752 550 2821 de
583 2752 738 2848 religione
772 2754 930 2825 sentiendi
965 2754 1149 2842 rationem,

177 2894 277 2963 quem
310 2896 371 2943 nos
408 2896 539 2979 semper
571 2872 779 2945 retinuimus.
842 2879 923 2964 Quae
962 2873 1047 2942 ratio
1082 2896 1150 2966 quo

64 3330 67 3339 ·
177 3308 313 3368 serpentes
339 3302 374 3353 is.
393 3311 489 3357 ventre
513 3300 600 3369 elene,
615 3309 617 3312 ⁴
631 3320 710 3374 quem
727 3305 750 3357 si
769 3303 926 3356 Absolutum
943 3322 971 3357 se
988 3302 1090 3357 intueri
1107 3301 1154 3353 di-

177 3405 230 3446 est.
267 3392 318 3448 sin
342 3413 408 3449 vero
434 3398 485 3449 ists
511 3397 628 3451 intuitio
646 3417 660 3449 e
678 3397 821 3466 pleuresis
846 3397 951 3450 diverse
978 3407 1036 3463 est,
1062 3412 1156 3449 rursus
1186 3437 1189 3440 .

176 3487 337 3556 querimus,
357 3489 494 3556 quomodo
511 3490 596 3543 elters
616 3491 746 3558 distingui
765 3491 799 3547 sb
816 3492 901 3543 alters
921 3491 1022 3559 quest?

109 3611 112 3619 ‹
211 3579 265 3634 Sed
284 3580 340 3632 beer
361 3579 495 3635 haetenus.
524 3582 596 3636 Setis
613 3601 667 3636 esse
681 3584 891 3636 demonstratum
908 3584 1049 3647 arbitror,
1064 3581 1159 3633 Sebel-

177 3675 313 3744 lingianoe
331 3674 463 3726 doctrines
482 3692 537 3735 eern
556 3694 611 3728 esse
630 3677 768 3741 indolem,
790 3686 819 3730 ut
835 3677 1034 3746 Mysticismum
1050 3674 1157 3741 periet,

175 3783 231 3817 non
248 3769 353 3845 minus,
381 3786 460 3836 quem
488 3784 591 3820 omnem
616 3771 751 3840 reliquum
777 3770 995 3838 Mysticismum‚
1015 3769 1153 3834 otiosum,

174 3860 322 3913 varietatis
338 3872 494 3935 expertem,
514 3869 541 3916 et
557 3861 681 3917 obsessis
696 3862 858 3919 notionibus
875 3861 1057 3935 implicitum
1078 3908 1081 3915 .
1168 3886 1171 3892 ·

831 4364 834 4369 ,
896 4054 1249 4318 t·
