2678 4584
189 256 262 333 '66‘
408 248 916 339 ,orsenrfflo

192 474 308 532 omnes
328 446 448 519 liberos
474 471 551 516 snos
573 443 851 542 complectantur,
877 447 999 516 horum
1022 433 1174 517 nonnul-

191 568 243 649 lis*
262 582 368 659 morte
392 565 563 655 sublatis‚.
580 569 713 638 omnem
742 592 888 637 amorem
920 571 954 635 in
979 569 1172 663 superstites
1198 583 1203 595 '

192 688 421 779 transfundere
446 686 563 759 solent.
612 685 732 756 Similis
757 711 794 755 ea
818 701 1005 774 causaest,
1032 687 1087 755 de·
1105 713 1171 782 qua
1212 677 1215 687 ⁵

178 809 393 901 disserimus.
442 814 531 877 Inest
550 805 674 901 aliquid
696 807 729 875 in
749 806 862 891 nobis,
888 807 979 900 quod
1000 805 1092 876 nullo
1114 831 1172 876 ca-

191 930 258 1016 su,¹
280 927 372 1009 nulla
400 916 600 1014 calamitate,
631 925 722 995 nulla
745 941 962 1021 tyrannorum
990 927 1022 995 vi
1052 952 1090 996 ac
1116 927 1175 996 fu·-

180 1027 270 1120 ¹rore
286 1048 407 1126 auferri
426 1062 544 1142 potest.
597 1047 723 1116 Amissa
748 1044 897 1116 libertate
917 1062 1072 1134 externa,
1092 1052 1175 1114 αηί-
1219 1070 1222 1089 ·

196 1176 248 1241 mi
266 1167 398 1239 libertas
423 1167 623 1263 relinquitur
651 1162 749 1261 atque
771 1165 951 1236 ,incolumis
973 1181 1032 1236 est.
1082 1173 1176 1235 Hanc

195 1288 230 1360 in
256 1304 437 1358 ceterarum
466 1313 579 1356 rerum
606 1285 698 1359 clade
722 1285 879 1373 colimus,
895 1288 987 1363 ,hanc
1008 1282 1178 1380 amplexa-

195 1433 295 1497 mur,
325 1407 410 1478 hanc
438 1423 582 1477 tuemur.
632 1406 798 1493 sienim,
827 1431 903 1475 cum
931 1405 1017 1475 beati
1039 1429 1178 1493 sumus,
1262 1483 1268 1490 ,

196 1552 259 1631 nec
274 1527 372 1597 rebus
392 1527 536 1611 externis
549 1526 746 1620 affligimur,
757 1522 843 1595 nihil
853 1526 965 1595 animo
979 1524 1095 1595 melius
1111 1540 1179 1613 est,

197 1647 283 1721 nihil
307 1646 669 1742 praestantius‚quanti
700 1647 831 1713 tandem
856 1644 945 1713 illam
971 1646 1087 1714 divina
1099 1671 1178 1739 par-

200 1765 337 1843 ticulam
357 1791 445 1835 aurae
466 1766 620 1835 faciamus
643 1788 772 1833 necesse
789 1779 854 1850 est,
873 1791 949 1832 cum
969 1780 1073 1834 cetera
1091 1766 1179 1835 bona
1232 1773 1234 1777 ’

200 1888 312 1956 omnia
329 1883 499 1953 abstulerit
520 1879 672 1955 fortuna!
723 1882 934 1970 Quinetiam,
958 1899 997 1953 ut
1027 1910 1105 1953 mox
1132 1885 1180 1952 vi·

202 2005 377 2091 demimus,
396 2003 537 2084 fortunae
553 2017 651 2096 atque
672 2002 869 2071 conditionis
892 2018 1033 2072 externae
1055 2003 1180 2099 iniqui-

202 2138 269 2204 tate
290 2145 403 2192 seusus
422 2120 592 2215 dignitatis
599 2136 732 2205 ¹nostrae
758 2136 857 2216 atque
883 2123 1078 2217 praestantiae
1097 2123 1182 2192 acui·

203 2258 261 2314 tur
280 2258 378 2336 atque
396 2255 560 2334 augetur.
764 2315 767 2323 ‚

256 2387 289 2434 2.
316 2363 369 2432 Sic
393 2361 494 2454 igitur
519 2385 595 2430 cunr
618 2358 768 2430 libertate
793 2375 927 2431 externa
946 2388 1007 2433 nos
1031 2364 1183 2454 orbatos,

206 2498 307 2578 atque
334 2495 463 2550 nosmet
490 2478 577 2564 solos
608 2481 703 2550 nobis
740 2480 870 2552 relictos
903 2486 1084 2571 sentimus,
1112 2487 1186 2579 pri·
1244 2508 1249 2519 “

209 2628 304 2674 mum
338 2626 474 2669 munere
508 2625 569 2669 suo
601 2600 692 2692 fungi
723 2599 808 2671 solet
819 2603 978 2689 juctcltas
1001 2607 1187 2698 cogitandi.

209 2727 269 2791 Est
290 2733 400 2787 autem
423 2720 455 2787 in
473 2719 538 2788 hoc
556 2721 688 2812 negotio
706 2720 828 2814 duplex
840 2721 940 2792 veluti
959 2725 1021 2792 iter
1037 2724 1189 2793 rationis:
1266 2716 1268 2724 ⁴

206 2838 269 2921 ,vel
288 2840 377 2927 enim
396 2864 417 2923 a
440 2836 583 2932 ¹publicae
607 2837 797 2915 calamitatis
826 2843 1022 2935 cogitatione
1044 2856 1190 2912 mentem

212 2959 374 3030 abducere
393 2973 426 3027 et
446 2957 510 3027 alio
531 2957 699 3028 traducere
717 2984 893 3047 conamur,
919 2958 970 3027 vel
997 2961 1029 3028 in
1042 2960 1103 3030 hae
1122 2963 1192 3056 ipsa

215 3079 416 3171 cogitatione
452 3103 545 3157 mens
585 3078 683 3148 infixa
720 3078 832 3148 haeret.
892 3085 934 3148 Et
968 3078 1024 3148 illa
1059 3083 1194 3175 quidem

145 3182 148 3189 ¹
216 3201 337 3270 mentis
359 3197 507 3271 avocatio
529 3198 692 3291 quamsit
718 3196 876 3284 difficilis,
900 3224 1065 3295 quamque
1092 3205 1196 3271 incre·

215 3316 350 3387 dibilem
376 3317 476 3397 animi
506 3317 695 3386 firmitatem
723 3333 822 3411 atque
845 3321 1061 3389 constantiam
1082 3322 1198 3415 requi-

212 3451 285 3523 rat,
311 3460 387 3504 cum
409 3462 467 3504 sua
485 3461 757 3531 unumquemque
774 3439 970 3507 conscientia
991 3440 1103 3525 docet,
1123 3456 1196 3508 tum

213 3550 338 3650 'magna
359 3553 498 3624 ¹testatur
518 3554 662 3652 paucitas
681 3582 814 3646 eorum,
836 3559 892 3652 qui
913 3556 1083 3627 ineditum
1106 3562 1199 3629 hunc

215 3691 252 3746 et
281 3674 445 3746 excelsum
466 3675 578 3746 locum
607 3679 714 3767 enixi,
740 3703 779 3747 eo
807 3694 864 3779 aut
876 3679 964 3749 olim
989 3680 1199 3772 pervenerint

212 3810 280 3866 ‘aut
310 3796 419 3868 adhuc
445 3797 655 3895 perveniant,
684 3799 772 3891 uude
797 3826 849 3873 res
876 3800 1037 3890 caducas,
1057 3815 1096 3870 ut
1117 3800 1200 3877 sub-
