2678 4584
169 285 245 373 284
427 284 952 363 utsrttrttm'

175 504 271 573 sum,
303 481 458 575 inquam,
483 483 557 575 quis
590 509 658 554 non
685 482 859 578 intelligit,
883 497 1040 576 quantam
1066 509 1161 557 auc·

174 601 339 669 toritatem
369 601 516 670 habeat?
563 609 643 691 Quae
676 604 807 673 tandem
840 601 901 671 alia
923 617 971 672 est
996 607 1155 697 auctori·

174 732 222 787 tas
251 719 364 788 seusus
393 719 545 809 moralis,
579 747 653 817 quae
688 702 914 810 consoientioe,
943 748 1016 816 quae
1048 715 1158 795 ratio?

175 837 227 905 uis
250 838 418 932 practice,
442 866 541 936 quam
563 842 633 911 haec
652 842 740 936 ipsa,
768 843 858 935 quod
878 843 913 910 in
941 855 1058 911 natura
1079 843 1150 912 hu·

175 979 273 1025 mana
295 953 418 1046 insint,
452 985 511 1031 nec
537 961 578 1029 ab
602 986 639 1030 ea
671 963 797 1054 sejungi
823 960 980 1054 possint?
1030 961 1155 1049 Quid?

174 1074 278 1169 ipsius
316 1078 451 1149 rationis
486 1081 670 1150 theoreticae
702 1080 821 1168 judicia
859 1079 886 1148 si
916 1080 1159 1173 persequimur

176 1219 215 1263 ac
248 1194 350 1266 veluti
385 1198 583 1286 dissuimus,
610 1225 721 1270 nonne
756 1199 885 1269 taudem
918 1199 1152 1295 perveniamus

177 1338 305 1387 necesse
328 1332 377 1387 est
404 1319 447 1387 ad
477 1317 632 1388 ultimum
662 1317 796 1413 aliquod
821 1333 854 1387 et
882 1332 1085 1404 extremum,
1113 1318 1155 1389 iu

177 1434 247 1526 ipsa
271 1450 387 1505 natura
417 1451 530 1506 nostra
560 1439 726 1533 positum,
755 1436 841 1507 ultra
870 1437 960 1532 quod
990 1436 1150 1532 progredi

178 1578 247 1642 nou
277 1552 391 1644 liceat,
427 1558 520 1627 omni
553 1558 834 1653 argumentatione
865 1556 999 1651 majus?
1056 1561 1150 1625 Prae-

178 1687 265 1743 terea
297 1699 416 1770 magua
452 1701 585 1772 quoque
620 1677 820 1747 auctoritatis
853 1701 938 1770 pars.
956 1690 1027 1759 est,
1057 1652 1174 1768 quod'

182 1816 296 1862 sensus
322 1791 376 1864 ille
398 1792 570 1891 religiosus
597 1797 747 1866 omnium
773 1796 965 1882 hominum,
987 1795 1154 1886 omnium}

162 1937 245 2005 ..que
272 1913 444 1983 nationum
469 1916 656 1986 communis
683 1931 741 1986 est.
792 1920 905 2009 Neque
932 1914 978 1983 ita
1003 1897 1057 1982 hic
1085 1910 1155 1981 ati-

179 2031 254 2126 quis
281 2033 376 2103 nobis
402 2050 572 2124 occurrat,
591 2050 630 2106 ut
655 2060 769 2106 omnes
794 2034 944 2105 homines
968 2055 1151 2125 omnesque

162 2155 330 2222 nationes
361 2177 474 2222 errare
496 2178 625 2246 posse,
652 2153 747 2220 dicat.
796 2149 932 2221 Minime
964 2175 1077 2220 sumus
1102 2151 1153 2240 ii,

178 2270 238 2362 qui
274 2255 475 2363 populorum
511 2270 758 2341 consensionem
790 2267 871 2364 legis
906 2269 973 2338 vim
1008 2269 1152 2359 babere,

177 2389 386 2460 arbitremur.
435 2391 497 2461 Sed
534 2391 629 2460 nobis
661 2390 726 2460 hoc
760 2388 833 2459 loco
860 2414 928 2459 nou
960 2413 1067 2458 sermo
1098 2401 1152 2458 est

165 2507 222 2577 de
244 2507 446 2604 populorum
464 2510 599 2580 arbitrio
623 2524 657 2579 et
681 2508 912 2603 opinionibus,
932 2508 988 2577 sed
1012 2508 1051 2575 de
1070 2532 1153 2577 con·

180 2629 280 2698 stanti
304 2644 428 2699 naturae
446 2629 580 2723 judicio.
629 2636 746 2698 Errare
773 2642 806 2696 et
831 2625 895 2696 labi
914 2640 1052 2721 possunt
1079 2650 1154 2697 om·

183 2773 243 2818 nes
285 2748 320 2816 in
353 2754 638 2819 ratiocinatione:
681 2748 773 2841 atqui
803 2771 863 2816 uos
899 2743 1080 2847 loquimur,¹
1105 2734 1161 2816 de'

182 2892 241 2956 re,
265 2893 338 2963 quae
369 2893 500 2939 omnem
536 2867 814 2952 ratiocinationem
839 2863 1008 2934 antecedit.
1056 2869 1153 2954 Iam,

183 2989 212 3059 si
239 2989 303 3058 hoc
337 2989 431 3059 nohis
458 2988 594 3058 insitum
629 3011 669 3063 ,ac
699 3010 803 3080 prope
832 2986 982 3055 innatum
1013 2997 1084 3071 est,
1114 2997 1157 3053 ut

103 3169 106 3173 ,
182 3132 259 3179 vere
289 3108 427 3178 existere
462 3107 551 3177 illam
590 3107 650 3176 Dei
676 3105 917 3200 hominumque
945 3100 1159 3173 necessitudi-

183 3252 261 3297 nem
289 3211 531 3315 eriistimemus,
558 3251 624 3322 qua
653 3225 768 3320 religio
804 3225 1013 3311 continetur,
1046 3218 1159 3316 sequi·

185 3365 264 3436 tur,
291 3349 441 3418 homines
469 3373 528 3418 sua
554 3348 641 3442 ipsos
664 3347 782 3416 natural
810 3345 887 3414 duci
915 3359 961 3415 et*
974 3343 1046 3436 cogi
1075 3366 1161 3437 quo·

183 3469 360 3540 dammodo
398 3469 439 3537 ad
472 3467 684 3563 religionem,
722 3465 744 3536 i.
782 3490 811 3537 e.
844 3489 900 3536 eos
934 3456 1122 3534 desciscere
1137 3486 1159 3530 a

186 3589 344 3684 religione
381 3613 450 3657 non
485 3613 602 3682 posse,
639 3587 701 3656 nisi
737 3587 769 3657 vi
803 3583 891 3654 illata
933 3598 1067 3653 naturoe.
1115 3585 1160 3650 111

185 3734 253 3803 quo
286 3708 369 3779 illud
398 3707 548 3804 inprimis
587 3707 799 3777 animadverti
833 3704 954 3790 velim,
990 3723 1066 3771 cum
1098 3713 1159 3771 aut

183 3827 299 3924 judicii
334 3828 439 3900 errori
472 3842 530 3899 aut
570 3826 751 3926 phantasiae
788 3820 1000 3896 tribuendum
1032 3818 1103 3910 sit,
1128 3819 1163 3891 si
