2678 4584
168 291 252 379 δοῖ,
424 292 463 365 m
485 297 502 363 t
526 295 548 365 s
572 292 702 402 rnsr
725 282 847 361 nnn
869 295 949 363 on

175 510 298 575 sensu,
332 470 389 559 sed
417 488 459 558 ab
481 485 591 582 aliqua
625 484 873 555 ratiocinatione
904 498 978 555 orta
1000 500 1071 576 est,
1088 540 1091 545 -
1109 500 1163 560 ts·

152 588 254 677 'men
290 609 398 703 prima
430 608 558 677 adres
585 604 939 699 divinasindagandas
961 621 994 676 et
1016 632 1161 702 eognos·
1258 661 1261 665 -

176 726 297 797 mndas
327 724 484 820 impulsio
515 722 633 821 procul
657 723 759 825 dubio
781 738 841 793 aut
863 723 961 796 unice
983 743 1042 796 aut
1065 753 1159 823 pree·

176 845 274 943 cipue
303 847 449 942 profecte
477 859 529 915 est
556 869 577 913 a
600 869 699 948 sensu
729 840 905 937 religioso,
927 871 1032 940 quem·
1051 866 1160 943 supra

162 965 321 1037 ¹-nidimus
355 991 434 1037 cum
467 965 604 1035 notione
637 964 696 1034 nei
728 988 798 1063 esse
831 967 1157 1055 conjunctissimum.

176 1085 324 1172 Deinde,
357 1083 637 1180 quemadmodum
662 1076 836 1173 homines,
861 1085 921 1180 qui
948 1111 967 1155 a
990 1086 1159 1157 vitiorum
1192 1088 1199 1099 '

178 1205 323 1277 loeditate
353 1205 395 1274 ad
425 1202 596 1275 meliorem
627 1204 758 1298 frugem
790 1204 949 1295 redeunt,
984 1208 1158 1277 eonscien-

173 1325 233 1397 ,tie
257 1324 400 1396 stimulis
423 1326 528 1420 magis
551 1349 590 1394 ac
613 1348 711 1393 sensu
735 1322 873 1412 morali,
898 1350 998 1419 quam
1016 1327 1159 1399 rationis

60 1429 65 1437 ’
173 1445 398 1541 argumentis,
423 1444 545 1514 adhoc
567 1441 820 1515 saluberrimum
840 1438 1051 1540 resipiscendi
1072 1472 1158 1517 con·

117 1609 120 1613 ·
169 1563 285 1637 silium
319 1563 515 1659 capiendum
550 1563 675 1634 moveri
705 1562 833 1651 solent,
866 1564 929 1653 ita,
960 1566 989 1635 si
1018 1566 1158 1661 quando

169 1684 317 1772 accidit,
344 1698 383 1754 ut
417 1685 487 1754 sive
520 1708 580 1779 per
613 1684 689 1753 vitm
720 1683 973 1778 occupationes,
998 1685 1066 1756 sive
1091 1710 1159 1782 per·
1191 1742 1200 1761 .
1307 1726 1314 1738 ·

52 1869 55 1875 ,
170 1805 313 1891 nimiam
349 1803 451 1874 enimi
488 1802 732 1890 remissionem,
768 1801 935 1897 religionis
966 1829 1047 1875 cura
1076 1806 1158 1878 ileo-

172 1925 306 2012 euerit,
338 1948 454 1993 sensus
478 1920 623 2018 religiosi
646 1921 834 1993 hortatione
856 1925 1038 2020 expergisci
1058 1925 1155 1998 etad

170 2068 286 2119 rerum
318 2042 518 2135 divinarum,
536 2043 770 2136 cogitationem
794 2069 960 2141 emergere
993 2044 1152 2117 solemusa

171 2196 179 2209 ·
224 2166 343 2235 Altera
367 2164 481 2231 sensds
504 2160 628 2230 utilitas
652 2175 718 2248 est,
741 2162 832 2255 quod
856 2176 1003 2234 nostram
1018 2165 1059 2234 de
1078 2170 1153 2236 Deo

171 2307 213 2359 ae
242 2282 284 2353 de
318 2278 476 2372 religione
521 2279 718 2350 sententiam
751 2306 789 2351 ac
821 2281 983 2377 judicium
1025 2287 1162 2377 consta

172 2417 270 2491 mat,
295 2426 357 2470 nec
379 2395 470 2470 facile
492 2424 565 2469 eam
593 2400 776 2471 exanimis
810 2403 932 2473 nostris
962 2402 1056 2473 evelli
1092 2428 1153 2500 pa·-

172 2524 267 2609 titur.
315 2521 402 2591 Fieri
424 2535 533 2615 potest
558 2534 595 2589 ut
620 2545 762 2621 errem,
775 2521 832 2591 sed
857 2523 901 2590 ita
926 2548 1063 2618 prorsus
1087 2540 1152 2595 sta·

175 2657 258 2732 tuo,
289 2639 435 2725 multos,
473 2639 500 2710 si
531 2639 602 2710 haec
626 2639 666 2710 iis
690 2639 743 2710 lex
766 2642 980 2731 scriberetur,
1004 2657 1063 2730 ut,
1088 2643 1154 2714 de-

166 2763 286 2863 posito
320 2784 440 2844 sensu,
472 2759 572 2829 unius
610 2760 746 2830 rationis
769 2763 972 2858 argumentis
1001 2765 1155 2833 niteren-

173 2896 254 2971 tur,
284 2883 352 2951 und
385 2903 462 2951 cum
497 2903 596 2950 sensu
611 2877 613 2880 ’
626 2879 731 2974 ipsam
763 2880 956 2977 religionem
990 2896 1154 2955 exutum·

144 2999 253 3075 'esse
302 3005 378 3071 Non
411 3024 528 3071 sumus
562 2998 658 3084 nobis
696 3001 773 3071 satis
806 2979 949 3090 conscii,
985 3017 1152 3098 quantum

176 3118 292 3194 sensus
321 3118 410 3215 apud
434 3125 496 3189 nos
519 3117 623 3190 ualeat
645 3119 746 3189 etiam
769 3135 863 3209 tum,
888 3147 965 3191 cum
989 3121 1024 3190 in
1048 3121 1153 3193 unius

94 3310 97 3319 ,
173 3240 311 3315 rationis
334 3241 527 3310 auctoritate
550 3239 697 3336 positum
732 3266 770 3311 ac
793 3241 968 3312 fundatum
992 3256 1151 3314 nostrum

170 3361 334 3459 judicium
373 3373 539 3454 putamus
570 3365 682 3430 ,Tum
712 3375 823 3431 autem
857 3349 1064 3450 inessemus
1097 3362 1152 3433 ris
1214 3380 1221 3389 “
1338 3330 1339 3390 l

27 3504 32 3519 ¹
75 3516 76 3520 ¹
173 3497 209 3554 et
251 3479 422 3551 efficacitas
462 3479 588 3574 optime
638 3476 776 3574 intelligi
821 3477 926 3568 solet,
981 3504 1076 3551 cum·
1113 3480 1170 3553 irr‘

157 3596 550 3703 >ejusmodigaliquando
586 3613 643 3669 aut
672 3600 798 3694 scripta
819 3614 878 3670 aut
901 3625 1067 3670 sermones
1091 3599 1151 3667 in-t'

169 3719 334 3809 pidimus,
353 3718 475 3812 quibus
492 3716 660 3812 religionis
678 3744 774 3815 causa
792 3735 1014 3815 oppugnetur.
1039 3724 1152 3805 Quem

177 3840 345 3937 impetunt
370 3862 449 3937 cum
479 3837 617 3912 rationis
640 3839 746 3910 armis.
762 3863 878 3910 omnes
900 3835 1151 3934 repellerenon
