2678 4584
99 242 107 255 ·
186 245 237 332 ns
372 222 964 340 'inrsaurnrm

187 448 314 534 mopere
338 437 526 534 percrebuit
548 451 582 506 et
608 437 695 530 leges
716 436 976 508 hermeneuticas
994 435 1086 509 valde
1109 438 1170 509 im·

180 557 340 629 mutavit.
397 556 554 626 Adhiberi
581 557 684 652 igitur
712 555 819 627 voluit
844 558 895 627 vir
926 559 1167 647 eruditissimus

185 683 499 772 intepretationem
521 682 747 763 aaronem,
772 678 866 772 cujus
889 677 954 747 boc
972 703 1096 747 munus
1114 704 1171 748 ese-

184 811 258 887 set‚
285 783 412 865 utnon
436 809 566 866 tantum
589 796 787 892 temporaria
806 798 848 866 ab
870 797 934 884 iis,
958 823 1032 893 quae
1053 823 1169 893 perpe·

182 930 279 985 tuam
307 916 374 986 vim
397 916 577 1004 baberent,
607 915 823 1002 discerneret,
851 941 968 988 verum
993 917 1092 985 etiam
1116 919 1170 985 ad·

182 1035 295 1105 hibita
326 1035 392 1105 face
412 1035 560 1107 historias
586 1033 788 1130 inquireret,
818 1060 900 1106 num
924 1042 1000 1106 Jesu
1024 1044 1171 1130 Aposto-
1237 1042 1241 1050 '

181 1153 366 1249 lorumque
397 1153 537 1251 aequales
568 1150 686 1224 eorum
719 1155 828 1224 verbis
857 1170 915 1226 aut
943 1154 1080 1224 eandem
1111 1170 1170 1226 aut

178 1274 285 1345 taliam
301 1278 369 1344 vim
385 1276 579 1365 tribuerint,
592 1300 693 1370 quant
711 1301 773 1345 nos
787 1275 826 1345 iis
837 1276 981 1347 tribuere
994 1274 1168 1346 soleamus.

177 1400 299 1490 Neque
318 1396 517 1475 constitutus
527 1401 707 1475 ,Sacrorum
724 1395 900 1466 Librorum
913 1403 1025 1465 Canon
1041 1397 1169 1490 integer

23 1485 28 1509 i
71 1566 78 1583 -1
177 1517 322 1586 *evadere
357 1516 478 1611 potuit.
527 1516 678 1587 Primum
709 1513 812 1585 libros
843 1516 1024 1587 Canonicos
1049 1517 1169 1587 divinae

185 1635 391 1706 auctoritatis
423 1660 492 1705 esse
523 1634 660 1718 debere,
685 1635 866 1704 statuebat:
891 1650 965 1705 tum
990 1635 1168 1708 divinitatis
1194 1718 1196 1722 ¹

176 1771 301 1827 notam
326 1755 562 1841 constituebat,
587 1754 773 1846 argumenti
798 1751 1022 1824 salubritatem
1046 1770 1079 1824 et
1104 1757 1169 1825 uti-

183 1872 310 1947 litatem
341 1876 382 1943 ad
412 1875 515 1943 animi
539 1897 738 1967 morumque
762 1873 1034 1954 emendationem,
1085 1882 1168 1964 Quae

173 1994 349 2077 sententia
380 2018 448 2087 quo
481 2016 558 2061 eum
590 1993 770 2086 perducere
800 1992 971 2079 debuerit,
997 1993 1087 2064 facile
1112 1997 1167 2064 in-

185 2113 355 2207 telligitur.
405 2109 504 2180 Multi
529 2109 605 2179 libri
630 2111 665 2178 in
686 2117 851 2181 Canonem
876 2115 997 2207 recepti
1021 2116 1166 2186 Semlero

108 2271 113 2276 ·
142 2271 147 2277 ·
184 2232 380 2303 videbantur
411 2228 497 2315 nihil
527 2230 713 2317 continere,
749 2255 816 2325 quo
847 2231 980 2304 virtutis
1015 2235 1165 2305 studium

174 2350 250 2434 ali,
283 2350 416 2444 augeri,
449 2331 593 2444 adjuvari
612 2364 739 2444 posset.
788 2356 903 2444 Itaque
928 2350 968 2420 de
994 2350 1066 2424 loco
1090 2355 1167 2450 dig-

185 2470 317 2557 nitatis,
342 2494 443 2565 quem
467 2469 577 2539 adhuc
601 2471 1063 2564 tenuerant,·dejiciebantur.
1105 2482 1167 2545 De·

184 2591 288 2686 nique
310 2614 388 2659 curn
416 2587 493 2657 libri
515 2590 737 2682 praestantiam
763 2604 795 2659 et
819 2592 888 2660 vim
905 2591 940 2661 in
958 2594 1085 2663 animos
1103 2619 1165 2689 pro

184 2710 330 2782 maximo
362 2707 496 2776 haberet
527 2707 646 2777 divinae
670 2709 807 2802 originis
832 2727 1048 2801 argument0,
1074 2712 1166 2782 facile

184 2829 405 2926 perspicitur,
435 2852 504 2922 quo
534 2824 608 2896 loco
638 2852 676 2896 ac
705 2853 846 2897 numero
877 2829 997 2898 habere
1016 2831 1166 2902 debuerit

183 2966 349 3038 externa,
380 2974 455 3043 quae
485 2947 643 3017 dicuntur
655 3000 665 3032 ,
700 2962 913 3042 argumenta,
947 2949 1104 3020 miracula
1126 2978 1164 3023 ac

184 3070 346 3141 vaticinia.
1006 3163 1008 3168 ,

233 3196 388 3258 Versatns
413 3213 488 3257 sum
514 3184 614 3282 paulo
640 3184 805 3281 copiosius
831 3187 864 3256 in
890 3213 986 3258 causa
1008 3192 1164 3281 Semleri,

177 3307 279 3405 quia,
313 3310 376 3375 hac
405 3309 553 3400 cognita,
585 3305 676 3376 facile
702 3305 915 3401 intelligitur,
943 3309 1029 3378 unde
1054 3312 1165 3404 paula·

182 3431 244 3523 tim
270 3426 429 3496 exstiterit
454 3428 498 3513 ia,
525 3426 564 3495 de
589 3452 657 3520 qno
682 3424 872 3520 loquimur,
895 3426 1061 3522 religionis
1082 3457 1168 3501 con-

182 3563 316 3620 temtus.
365 3543 472 3614 Multa
502 3546 665 3614 Semlems
695 3559 818 3614 temere
847 3562 879 3615 et
911 3549 1163 3618 inconsiderate:

93 3686 98 3695 '
183 3669 241 3740 sed
265 3681 298 3736 et
322 3689 449 3734 errores
475 3662 588 3733 multis
614 3657 881 3761 iisque'egregiis
906 3668 1025 3761 ingenii
1051 3670 1163 3738 inven-

184 3788 227 3869 tis
261 3764 504 3884 compensavit,
543 3799 576 3855 et
609 3809 649 3856 eo
683 3783 839 3858 libentius
873 3789 904 3858 ei
937 3787 1163 3885 ignoscimus,
