2678 4584
372 266 942 382 nzursrrclsuo.
1071 276 1145 390 'tet

169 504 307 580 animur
333 518 641 590 commoratum,
668 527 740 597 quae
766 517 828 572 ant
850 500 929 575 falsa
953 501 1001 573 sit
1017 520 1075 576 aut
1101 507 1150 577 ab*

172 628 248 724 ‚ipsa
270 626 395 695 ratione
425 622 501 692 falsa
532 622 710 709 habeatur,
740 624 774 692 iu
797 621 864 692 -hae
892 623 1025 718 quidem
1047 650 1149 698 causa

176 770 285 840 neque
306 743 418 836 judicii
442 741 545 810 errori
569 743 675 835 neque
708 740 887 839 phantasiae
910 741 1052 838 aliquem
1075 770 1149 816 esse

139 890 142 895 ’
175 862 298 935 locum.
347 869 405 932 Est
437 861 524 929 enim
561 883 673 929 sensus
697 858 878 955 xreligiosus
909 864 1002 931 omni
1025 864 1147 952 judicio

171 981 351 1077 antiquior.
400 981 570 1049 Phantasia
603 977 712 1048 autem
742 980 783 1049 in
807 977 944 1051 acteone
977 999 1146 1074 versatur,

174 1102 202 1184 j.
227 1127 255 1170 e.
266 1097 379 1194 fingit
409 1098 470 1167 sibi
499 1123 590 1186 rem,
625 1122 762 1192 eamque
795 1113 858 1193 p'ro
881 1101 1015 1171 arbitrio
1039 1104 1150 1192 tizsor·

174 1234 272 1307 'mat,
307 1219 441 1313 ejusque
475 1216 662 1309 cogitationi
692 1223 894 1287 immoratur.
942 1225 1010 1291 Nos
1039 1239 1149 1296 autern

179 1364 286 1434 neque
310 1337 410 1430 hujus
435 1335 590 1419 actionis,
616 1359 723 1430 neque
754 1335 1013 1428 informationis,
1037 1367 1144 1437 neque

182 1456 387 1552 cogitationis
411 1455 505 1524 nobis
528 1455 649 1523 conscii
673 1479 809 1526 sumus:
832 1459 1014 1553 accepimus
1036 1463 1153 1556 potius

180 1581 272 1646 huno
294 1597 571 1668 sensum‚-quam
605 1597 680 1642 eum
703 1572 834 1644 aliunde
856 1578 1010 1673 petiimus
1032 1595 1065 1649 et
1087 1582 1148 1650 ad-

180 1696 342 1766 scivimus.
392 1700 442 1762 Ex
464 1718 532 1787 quo
557 1717 624 1762 non
658 1694 722 1762 hoc
745 1694 876 1787 quidem
900 1696 1059 1786 efficitur,
1083 1726 1148 1770 no-
1224 1729 1227 1736 ’

180 1815 285 1884 tiones
308 1812 378 1881 ilias
400 1811 564 1904 religiosas
594 1813 751 1881 continuo
786 1838 854 1883 esse
887 1840 999 1905 veras,
1022 1817 1079 1887 sed
1103 1818 1159 1888 it-·

179 1932 259 2018 lud,
293 1930 417 2000 nullam
452 1944 578 2000 exstare
612 1956 763 2020 causam,
795 1956 896 2028 quare
932 1934 1024 2006 falsas
1046 1953 1147 2033 pute-

182 2076 296 2123 mus.>

226 2178 295 2241 Hac
322 2168 424 2264 igitur
457 2165 603 2263 religiosi
638 2170 752 2240 sensds
786 2170 977 2244 auctoritate
999 2172 1147 2269 inducti,

113 2360 115 2365 ,
180 2292 225 2360 ita
246 2287 563 2382 argumentationem
598 2288 791 2357 concludere
814 2290 906 2361 liceat
918 2347 930 2380 ‚
955 2296 1046 2366 illum
1067 2325 1147 2368 sen-

175 2432 254 2478 sum
279 2422 313 2474 et
333 2430 439 2500 porse
468 2418 502 2471 et
531 2401 650 2472 debere
692 2406 800 2476 locum
840 2425 951 2479 tenere
982 2422 1145 2501 rationu,
1183 2440 1185 2445 ⁴

174 2550 255 2597 cum
290 2525 365 2593 haec
395 2520 539 2608 dicdum,
568 2545 631 2591 uec
655 2539 745 2592 certo
772 2524 915 2615 doceat,
939 2531 1081 2602 exr‘stere
1102 2539 1146 2605 tl.

175 2647 251 2716 lam
281 2649 412 2713 Divom
439 2658 472 2710 ct
504 2644 664 2710 dumance
689 2657 823 2712 naturae
852 2653 1146 2746 necessitudinem,

176 2764 218 2834 in
251 2786 322 2856 qua
342 2766 461 2856 posita
497 2777 548 2830 est
578 2762 704 2852 religio.
754 2761 813 2834 Vel
847 2767 957 2860 potius
991 2771 1036 2841 ita
1058 2774 1147 2845 dica-

176 2906 275 2954 mus:
304 2905 380 2949 cum
406 2886 493 2948 tutio
524 2879 652 2948 dubitet
685 2904 748 2950 nec
763 2898 868 2952 -certo
885 2887 1042 2976 doceat,
1078 2908 1146 2964 tum

173 2998 298 3071 ueneris
322 3003 543 3068 testiinonium
559 3003 674 3093 potrus
703 3002 908 3093 sequendum
930 3029 1003 3076 esse
1014 3061 1024 3093 ,
1042 3035 1151 3103 quam·

175 3125 324 3193 rotronis
352 3115 527 3211 judicium.
589 3120 703 3211 Neque
742 3143 803 3212 per
835 3145 892 3210 ea,
930 3149 1004 3219 quae
1040 3130 1147 3204 adhue

175 3231 437 3334 disputavimus,
473 3235 611 3305 dubium
646 3259 714 3305 esse
744 3251 874 3332 potest,
906 3247 1074 3338 quare'ita
1096 3252 1148 3322 fa.

174 3358 339 3431 ciundum
363 3380 431 3425 esse
454 3370 617 3449 putemus.
700 3364 704 3369 ’

146 3482 155 3493 ’
182 3530 187 3556 ·.
227 3481 302 3548 Non
339 3487 430 3544 certo
461 3473 556 3543 docet
589 3474 692 3563 ratio,
724 3489 848 3547 exstare
879 3478 988 3572 illam,
1018 3487 1060 3557 dc
1083 3515 1148 3586 qua

177 3595 374 3692 loquimur,
403 3591 695 3680 neoessitudinem,
718 3618 831 3666 sensus
855 3623 932 3670 vero
955 3604 1008 3674 ait.
1059 3613 1149 3680 con..

175 3715 366 3799 tendimus,
400 3712 509 3780 eensui
538 3735 608 3780 esse
643 3713 850 3786 credendum.
900 3722 1036 3794 Ratione
1059 3731 1148 3801 enim

176 3833 294 3925 pensus
328 3829 473 3930 religiosi
508 3831 683 3903 auctoritas
719 3832 884 3946 ,conuelli
903 3844 1047 3938 nequit2
1082 3848 1153 3920 nisi.
